3750 5460
1460 35 1822 371 -

961 936 1036 985 100

389 1126 526 1234 Digna
553 1124 654 1206 ferat
683 1124 790 1235 quod
819 1127 940 1235 siquis
971 1127 1139 1205 inaniter
1167 1127 1374 1207 adiurarit:

442 1292 516 1370 Sed
544 1293 613 1400 qui
642 1320 682 1370 se
711 1290 815 1369 ferro
845 1291 1016 1399 postulet
1047 1320 1128 1371 esse
1157 1296 1324 1401 parem?

386 1456 460 1534 Ille
488 1485 649 1566 quoque
680 1483 834 1535 eversus
865 1484 979 1535 mons
1020 1474 1090 1551 est,
1134 1485 1255 1566 quern
1295 1459 1519 1537 maximum
1557 1460 1599 1537 in

496 1624 571 1702 oris

439 1784 651 1889 Progenies
681 1778 811 1859 Thiae
841 1779 945 1858 clara
973 1778 1261 1888 supervehitur,

278 1962 318 2029 45
382 1947 490 2024 Cum
530 1946 646 2025 Medi
684 1973 868 2054 peperere
903 1973 1055 2023 novum
1094 1973 1215 2039 mare,
1251 1973 1425 2055 cumque
1457 1946 1597 2025 iuven-

491 2130 553 2189 tus

436 2276 511 2354 Per
542 2275 720 2353 medium
753 2273 862 2352 classi
897 2273 1059 2353 barbara
1084 2275 1193 2352 navit
1224 2271 1377 2354 Athon.

379 2447 489 2553 Quid
514 2444 661 2525 facient
691 2446 830 2539 crines,
866 2474 960 2524 cum
980 2443 1085 2524 ferro
1117 2446 1209 2525 talia
1239 2446 1413 2525 cedant?

433 2612 625 2719 Iuppiter,
660 2627 704 2687 ut
737 2606 949 2716 Chalybon
983 2635 1102 2687 omne
1136 2635 1259 2715 genus
1292 2627 1441 2716 pereat,

378 2778 431 2854 Et
463 2777 534 2884 qui
554 2775 750 2884 principio
783 2773 856 2852 sub
879 2792 979 2852 terra
1009 2799 1194 2881 quaerere
1227 2800 1342 2852 venas

277 2966 319 3031 50
432 2938 578 3017 Institit
606 2966 650 3015 ac
681 2935 772 3015 ferri
803 2939 992 3043 stringere
1024 2937 1235 3016 duritiem!

376 3102 600 3182 Abiunctae
631 3101 750 3210 paulo
784 3120 873 3180 ante
908 3129 1047 3180 comae
1079 3129 1168 3179 mea
1197 3099 1278 3180 fata
1308 3128 1460 3181 sorores

431 3264 655 3372 Lugebant‚
688 3293 782 3342 cum
814 3292 854 3342 se
887 3264 1120 3342 Memnonis
1154 3260 1365 3372 Aethiopis

373 3432 557 3538 Vnigena
588 3430 778 3538 inpellens
810 3427 1043 3507 nutantibus
1077 3457 1163 3506 aera
1196 3430 1334 3537 pennis

433 3595 594 3675 Obtulit
624 3596 809 3674 Arsinoes
843 3595 1031 3674 Locridos
1067 3594 1144 3673 ales
1176 3622 1281 3688 ecus,

277 3780 314 3847 55
376 3764 493 3871 Isque
524 3789 594 3869 per
625 3758 811 3839 aetherias
845 3788 911 3838 me
942 3758 1081 3838 tollens
1116 3758 1246 3839 avolat
1278 3756 1435 3838 umbras

434 3927 485 4003 Et
517 3926 681 4004 Veneris
702 3943 809 4004 casto
829 3924 999 4004 collocat
1031 3924 1071 4002 in
1094 3925 1260 4029 gremio.

378 4092 467 4199 Ipsa
498 4117 616 4170 suum
646 4087 871 4198 Zephyritis
905 4117 952 4167 eo
983 4086 1183 4166 famulum
1202 4088 1363 4195 legarat,

436 4257 557 4335 Graia
590 4256 776 4363 Canopiis
812 4253 941 4332 incola
971 4252 1165 4336 litoribus.

379 4422 462 4501 Hic
492 4421 637 4498 Veneri
673 4421 778 4498 vario
810 4447 860 4498 ne
880 4418 1012 4498 solum
1043 4419 1084 4496 in
1115 4418 1268 4497 lumine
1300 4416 1396 4496 caeli

279 4580 322 4645 60
438 4586 499 4662 Ex
534 4584 740 4662 Ariadneis
771 4610 886 4661 aurea
915 4579 1161 4690 temporibus
