3750 5460
900 925 970 979 101

329 1121 430 1199 Fixa
458 1146 605 1198 corona
632 1116 751 1211 foret,
781 1116 849 1195 sed
879 1143 949 1194 nos
981 1141 1142 1223 quoque
1170 1111 1413 1220 fulgeremus

387 1284 569 1370 Devotae
600 1281 690 1360 flavi
722 1281 874 1359 verticis
906 1280 1085 1373 exuviae,

330 1443 549 1522 Vvidulam
579 1470 601 1520 a
630 1440 726 1520 fletu
756 1440 965 1519 cedentem
995 1438 1043 1517 ad
1075 1437 1224 1547 templa
1251 1439 1373 1517 deum
1402 1464 1468 1516 me

389 1608 499 1688 Sidus
529 1609 571 1686 in
603 1607 772 1714 antiquis
802 1606 893 1684 diva
923 1633 1073 1682 novum
1102 1606 1262 1712 posuit:

334 1773 506 1878 Virginis
537 1760 578 1848 et
606 1771 710 1849 saevi
741 1771 977 1876 contingens
1008 1796 1182 1875 namque
1213 1769 1357 1846 Leonis
1602 1787 1642 1866 65

390 1934 576 2026 Lumina,
609 1931 776 2010 Callisto
806 1933 942 2009 iuncta
971 1932 1207 2038 Lycaoniae,

333 2099 479 2176 Vertor
508 2099 550 2174 in
581 2124 781 2190 occasum,
813 2096 973 2174 tardum
1002 2096 1084 2175 dux
1115 2116 1204 2175 ante
1236 2099 1404 2189 Booten,

390 2263 472 2367 Qui
503 2264 571 2340 vix
599 2289 686 2340 sero
717 2260 801 2339 alto
833 2261 1029 2366 mergitur
1059 2263 1239 2340 Oceano.

335 2425 412 2504 Sed
442 2453 688 2534 quamquam
718 2453 783 2502 me
813 2443 929 2503 nocte
959 2443 1147 2533 premunt
1177 2427 1339 2532 vestigia
1367 2426 1517 2519 divom,

392 2591 482 2668 Lux
513 2608 649 2668 autem
679 2618 798 2668 canae
828 2586 979 2697 Tethyi
1010 2590 1190 2683 restituit,

335 2753 458 2860 (Pace
489 2775 558 2833 tua
586 2754 660 2833 fari
690 2752 770 2834 hoc
799 2755 931 2848 liceat,
963 2752 1210 2834 Rhamnusia
1240 2756 1366 2861 virgo,

392 2919 584 3027 Namque
616 2947 693 3026 ego
724 2947 805 2997 non
840 2919 921 2997 ullo
950 2947 1041 2997 vera
1071 2920 1212 2998 timore
1243 2938 1391 3027 tegam,

334 3081 426 3160 Nec
456 3084 488 3159 si
520 3110 586 3160 me
617 3081 771 3161 infestis
802 3082 1024 3191 discerpent
1054 3084 1179 3162 sidera
1207 3084 1333 3187 dictis,

391 3247 568 3326 Condita
599 3249 697 3356 quin
729 3250 812 3326 veri
841 3250 1014 3356 pectoris
1045 3248 1248 3354 evoluam)

335 3411 431 3490 Non
462 3408 523 3489 his
555 3430 638 3490 tam
668 3411 796 3489 laetor
825 3411 955 3506 rebus,
986 3439 1109 3520 quam
1138 3441 1204 3491 me
1237 3412 1344 3492 afore
1383 3442 1554 3523 semper,
1610 3428 1649 3495 75

390 3574 516 3654 Afore
546 3603 612 3653 mc
646 3604 667 3653 a
697 3576 884 3654 dominae
914 3577 1059 3655 vertice
1089 3555 1315 3672 discrucior,
1419 3595 1422 3597 ’

337 3744 515 3848 Quicum
535 3770 623 3849 ego,
640 3742 738 3820 dum
758 3744 871 3850 virgo
892 3745 1096 3852 quondam
1107 3742 1184 3823 fuit
1204 3744 1389 3826 omnibus
1403 3774 1553 3855 expers,

393 3911 709 4014 Vnguentorum
741 3933 819 3984 una
848 3907 960 3986 milia
989 3907 1116 3987 multa
1145 3908 1241 3989 bibi.

336 4074 460 4151 Nunc
492 4098 574 4165 vos,
606 4089 743 4179 optato
772 4097 867 4149 cum
897 4071 1027 4150 iunxit
1056 4070 1209 4151 lumine
1239 4072 1363 4170 taeda,

393 4233 491 4311 Non
521 4232 629 4340 prius
661 4233 860 4311 unanimis
892 4261 1058 4342 corpora
1091 4235 1327 4343 coniugibus

338 4398 503 4477 Tradite
534 4397 727 4476 nudantes
758 4398 903 4476 reiecta
933 4414 1038 4477 veste
1067 4399 1244 4508 papillas,

396 4563 532 4667 Quam
563 4562 739 4641 iucunda
768 4559 870 4640 mihi
899 4591 1066 4642 munera
1094 4564 1193 4644 libet
1220 4594 1341 4674 onyx,
