3750 5460
1012 955 1064 1034 86

427 1176 525 1253 Huc
555 1170 635 1253 huc
667 1174 884 1268 adventate‚
919 1200 1023 1252 meas
1056 1172 1186 1251 audite
1220 1173 1408 1281 querelas,

431 1340 537 1445 Quas
569 1366 645 1446 ego
677 1339 773 1417 vae!
805 1339 946 1416 misera
976 1339 1160 1416 extremis
1180 1336 1353 1447 proferre
1374 1340 1555 1420 medullis

431 1504 569 1609 Cogor
600 1504 726 1611 inops,
762 1502 910 1595 ardens,
944 1502 1093 1581 amenti
1128 1529 1243 1581 caeca
1273 1500 1419 1586 furore.

429 1666 541 1772 Quae
574 1667 763 1773 quoniam
789 1693 899 1743 verae
930 1685 1141 1744 nascuntur
1168 1687 1327 1774 pectore
1353 1667 1401 1746 ab
1426 1669 1523 1763 imo,

327 1847 391 1895 200
429 1832 511 1910 Vos
547 1831 668 1908 nolite
692 1831 774 1939 pati
805 1849 985 1907 nostrum
1013 1857 1217 1909 vanescere
1243 1830 1412 1927 luctum,

427 1995 501 2074 Sed
531 1994 638 2102 quali
668 1995 793 2073 solam
824 1990 1001 2072 Theseus
1029 2021 1094 2072 me
1125 2012 1258 2073 mente
1293 1995 1465 2105 reliquit,

425 2160 515 2239 Tali
546 2178 692 2253 mente,
724 2158 831 2251 deae,
864 2156 1035 2236 funestet
1057 2184 1176 2265 seque
1206 2160 1400 2266 suosque.’

484 2325 569 2402 Has
603 2343 815 2432 postquam
847 2340 996 2400 maesto
1027 2320 1203 2430 profudit
1231 2342 1390 2431 pectore
1419 2351 1548 2419 voces,

429 2486 676 2596 Supplicium
709 2486 828 2564 saevis
849 2513 1061 2594 exposcens
1094 2486 1209 2564 anxia
1241 2483 1365 2582 factis,

326 2672 387 2739 205
427 2653 580 2731 Annuit
610 2652 755 2729 invicto
788 2649 1001 2728 caelestum
1020 2651 1185 2728 numine
1205 2669 1344 2746 rector,

428 2817 520 2921 Quo
552 2834 651 2895 nutu
683 2815 798 2894 tellus
831 2834 946 2920 atque
980 2810 1137 2892 horrida
1167 2831 1492 2895 contremuerunt

425 2983 610 3088 Aequora
644 2979 915 3085 concussitque
947 2978 1131 3057 micantia
1161 2977 1286 3058 sidera
1320 2982 1503 3061 mundus.

425 3146 513 3254 Ipse
546 3164 678 3223 autem
710 3170 824 3221 caeca
852 3160 1031 3220 mentem
1062 3141 1230 3248 caligine
1259 3138 1437 3223 Theseus

427 3309 612 3388 Consitus
645 3306 770 3386 oblito
799 3306 949 3385 dimisit
977 3323 1133 3414 pectore
1164 3323 1320 3401 cuncta,

324 3503 389 3551 210
427 3474 540 3580 Quae
570 3472 752 3552 mandata
780 3471 886 3579 prius
916 3471 1109 3549 constanti
1139 3488 1273 3549 mente
1303 3471 1473 3565 tenebat,

426 3638 572 3717 Dulcia
600 3664 672 3716 nec
702 3655 850 3713 maesto
879 3633 1083 3713 sustollens
1118 3635 1231 3741 signa
1258 3636 1410 3743 parenti

424 3804 616 3911 Sospitem
648 3796 918 3879 Erechtheum
947 3827 987 3877 se
1016 3799 1186 3878 ostendit
1214 3799 1335 3877 visere
1363 3818 1539 3908 portum.

423 3966 613 4073 Namque
641 3962 775 4043 ferunt
804 3963 916 4057 olim,
946 3962 1054 4042 classi
1085 3991 1178 4041 cum
1200 3964 1359 4041 moenia
1387 3962 1498 4042 divae

424 4132 692 4239 Linquentem
722 4145 888 4235 gnatum
918 4128 1042 4206 ventis
1072 4126 1322 4205 concrederet
1350 4127 1521 4232 Aegeus,

323 4311 384 4378 215
422 4294 536 4373 Talia
564 4293 805 4402 conplexum
834 4293 967 4370 iuveni
996 4290 1179 4370 mandata
1207 4289 1368 4369 dedisse.

424 4462 586 4538 ‘Gnate
615 4455 716 4537 mihi
745 4457 865 4564 longe
895 4456 1105 4535 iucundior
1135 4455 1249 4533 unice
1278 4454 1369 4548 vita,

423 4625 567 4717 Gnate,
597 4648 674 4730 ego
703 4649 823 4731 quem
854 4624 894 4700 in
926 4620 1064 4700 dubios
1090 4648 1213 4727 cogor
1241 4618 1440 4698 dimittere
1469 4646 1590 4711 casus,
