1156 1692
626 403 653 424 70

560 453 572 465 ἢ
699 454 711 466 0

630 469 642 480 a

332 492 361 513 At
375 493 430 513 lubet
445 493 531 521 innuptis
546 493 594 514 ficto
608 498 627 513 te
642 500 721 521 carpere
736 498 813 521 questu.

333 534 387 561 Quid
402 539 452 558 tum,
472 535 488 554 si
507 539 597 562 carpunt,
617 535 674 555 tacita
693 542 754 562 quem
774 541 841 556 mente
860 536 938 563 requir—

361 581 397 596 unt
406 577 413 596 ?

359 617 442 643 Hymen
457 624 470 637 0
485 617 609 644 Hymenaee,
623 617 706 644 Hymen
720 618 765 637 ades
780 625 792 638 o
806 618 936 645 Hymenaeel

300 706 323 722 40
330 701 358 720 Vt
373 700 407 721 flos
423 701 442 720 in
458 701 528 727 saeptis
543 705 628 720 secretus
643 700 728 720 nascitur
743 700 811 724 hortis,

329 742 411 769 Ignotus
426 742 499 769 pecori,
515 741 570 761 nullo
585 741 688 761 convulsus
704 746 773 765 aratro,

329 783 396 809 Quem
411 783 500 803 mulcent
515 789 578 806 aurae,
593 782 660 802 firmat
673 782 709 806 sol,
724 782 794 802 educat
809 782 874 802 imber

327 865 390 885 Multi
406 865 463 885 illum
478 865 539 892 pueri,
556 864 630 884 multae
645 870 735 892 optavere
750 864 842 892 puellae:

327 906 384 926 Idem
398 913 445 926 cum
460 906 514 925 tenui
530 910 607 933 carptus
622 905 713 925 defloruit
728 906 797 932 ungui,

296 951 316 968 45
326 947 384 967 Nulli
398 947 456 967 illum
471 947 533 974 pueri,
549 946 614 966 nullae
629 951 721 973 optavere
735 946 828 974 puellae:

326 987 357 1007 sic
373 988 434 1015 virgo,
450 988 499 1007 dum
514 988 586 1007 intacta
601 992 674 1011 manet,
689 987 738 1007 dum
753 994 797 1007 cara
810 988 849 1008 suis
864 992 894 1008 est
899 995 905 1011 ;

325 1029 379 1048 Cum
394 1033 471 1048 castum
486 1028 550 1048 amisit
565 1028 642 1055 polluto
656 1035 739 1055 corpore
754 1028 830 1052 florem,

324 1070 369 1089 Nec
384 1070 448 1097 pueris
463 1070 549 1090 iucunda
563 1074 637 1093 manet,
652 1077 689 1089 nec
704 1077 747 1089 cara
759 1069 835 1097 puellis.

352 1111 435 1138 Hymen
449 1118 462 1131 o
477 1111 602 1138 Hymenaee,
618 1111 701 1137 Hymen
715 1110 759 1131 ades
772 1118 784 1130 o
797 1111 928 1138 Hymenaee!

295 1197 315 1214 50
323 1193 351 1213 Vt
366 1193 424 1212 vidua
439 1193 458 1212 in
474 1192 528 1212 nudo
543 1192 586 1212 vitis
601 1198 651 1219 quae
666 1192 752 1211 nascitur
766 1198 812 1211 arvo

322 1233 441 1260 Numquam
465 1240 485 1253 se
509 1233 594 1257 extollit,
619 1240 730 1260 numquam
756 1232 827 1252 mitem
856 1233 927 1253 educat

350 1282 416 1298 uvam,

321 1316 359 1335 Sed
374 1321 465 1336 tenerum
479 1322 542 1343 prono
556 1315 660 1335 deflectens
675 1316 762 1343 pondere
779 1322 849 1343 corpus
