3750 5460
1023 811 1075 915 84

439 1026 515 1105 Pro
547 1054 627 1132 quo
661 1025 907 1106 dilaceranda
934 1025 1024 1107 feris
1063 1028 1186 1108 dabor
1223 1028 1459 1141 alitibusque

437 1189 597 1283 Praeda,
630 1218 758 1296 neque
790 1191 933 1269 iniecta
964 1191 1192 1272 tumulabor
1225 1211 1384 1274 mortua
1421 1214 1534 1276 terra.

337 1378 396 1447 155
436 1353 644 1459 Quaenam
665 1374 703 1433 te
724 1356 862 1461 genuit
880 1355 962 1434 sola
979 1355 1053 1434 sub
1073 1384 1170 1464 rupe
1184 1356 1351 1438 leaena?

435 1518 554 1624 Quod
589 1546 696 1596 mare
728 1538 967 1627 conceptum
994 1520 1265 1628 spumantibus
1304 1524 1442 1631 expuit
1476 1522 1625 1604 undis?

435 1683 548 1787 Quae
587 1684 719 1791 Syrtis,
759 1711 857 1789 quae
898 1683 1026 1791 Scylla
1063 1711 1194 1793 rapax,
1241 1712 1342 1792 quae
1384 1704 1491 1767 vasta
1530 1684 1636 1767 Cha·

488 1846 632 1955 rybdis‚

430 2012 544 2090 Talia
575 2013 644 2120 qui
678 2012 805 2092 reddis
840 2040 912 2120 pro
943 2012 1051 2091 dulci
1087 2013 1261 2121 praemia
1292 2015 1402 2094 vita?

432 2177 472 2254 Si
493 2176 564 2255 tibi
596 2204 676 2255 non
708 2176 818 2255 cordi
848 2174 1003 2255 fuerant
1036 2176 1206 2256 conubia
1236 2195 1380 2272 nostra,

333 2352 395 2418 160
433 2341 552 2419 Saeva
571 2339 677 2448 quod
697 2338 881 2419 horrebas
901 2341 1017 2449 prisci
1031 2360 1237 2450 praecepta
1250 2342 1432 2450 parentis,

429 2504 486 2582 At
517 2522 649 2582 tamen
681 2505 721 2582 in
757 2522 897 2583 vestras
928 2506 1090 2612 potuisti
1122 2504 1266 2583 ducere
1298 2504 1419 2598 sedes,

432 2667 545 2773 Quae
578 2666 649 2745 tibi
684 2667 856 2746 iucundo
887 2665 1098 2747 famularer
1131 2696 1240 2747 serva
1269 2667 1415 2763 labore,

432 2830 609 2910 Candida
643 2831 892 2939 permulcens
924 2831 1082 2937 liquidis
1122 2834 1285 2940 vestigia
1317 2828 1490 2942 lymphis

432 2997 679 3103 Purpureave
711 3015 826 3073 tuum
858 3013 1106 3075 consternens
1141 3014 1245 3074 veste
1276 2994 1419 3075 cubile.

335 3166 391 3248 165
431 3159 506 3238 Sed
536 3158 631 3266 quid
665 3186 741 3264 ego
775 3160 918 3264 ignaris
950 3160 1191 3265 nequiquam
1218 3186 1434 3266 conquerar
1458 3158 1573 3253 auris,

431 3326 645 3403 Externata
676 3322 796 3417 malo,
832 3350 933 3430 quae
964 3322 1081 3402 nullis
1116 3322 1289 3401 sensibus
1324 3340 1459 3402 auctae

431 3490 473 3566 N
477 3516 521 3566 ec
554 3488 686 3567 missas
719 3486 851 3566 audire
886 3504 1037 3594 queunt
1067 3514 1141 3565 nec
1175 3486 1334 3565 reddere
1355 3488 1500 3565 voces?

432 3651 504 3730 llle
536 3670 668 3731 autem
704 3679 825 3760 prope
860 3652 939 3729 iam
974 3650 1111 3729 mediis
1142 3667 1316 3729 versatur
1349 3650 1388 3727 in
1424 3648 1550 3743 undis,

433 3816 523 3894 Nec
557 3817 765 3924 quisquam
799 3834 956 3924 apparet
990 3842 1111 3893 vacua
1142 3814 1315 3893 mortalis
1354 3815 1394 3893 in
1428 3812 1528 3921 alga.

336 3997 398 4063 Ι70
435 3982 498 4060 Sic
532 3981 647 4059 nimis
680 3980 865 4059 insultans
899 3999 1076 4058 extremo
1111 3996 1289 4087 tempore
1319 4005 1430 4057 saeva

435 4148 531 4224 Fors
566 4147 683 4225 etiam
715 4146 855 4224 nostris
890 4145 1031 4224 invidit
1057 4143 1257 4252 questibus
1292 4130 1415 4222 aures.

435 4311 613 4420 Iuppiter
642 4310 902 4418 omnipotens,
926 4309 1077 4387 utinam
1105 4335 1154 4386 ne
1186 4326 1363 4416 tempore
1397 4306 1528 4414 primo

438 4476 589 4554 Gnosia
620 4474 833 4582 Cecropiae
865 4473 1081 4582 tetigissent
1110 4472 1227 4552 litora
1258 4498 1426 4581 puppes,
