<?xml version="1.0" encoding="UTF-8"?>
<!DOCTYPE html PUBLIC "-//W3C//DTD XHTML 1.0 Transitional//EN"
    "http://www.w3.org/TR/xhtml1/DTD/xhtml1-transitional.dtd">
<html xmlns="http://www.w3.org/1999/xhtml" xml:lang="en" lang="en">
 <head>
  <title>
</title>
<meta http-equiv="Content-Type" content="text/html;charset=utf-8" />
  <meta name='ocr-system' content='tesseract 3.04.00' />
  <meta name='ocr-capabilities' content='ocr_page ocr_carea ocr_par ocr_line ocrx_word'/>
</head>
<body>
  <div class='ocr_page' id='page_1' title='image "./catulluswithper00owengoog_0155.png"; bbox 0 0 3750 5528; ppageno 0'>
   <div class='ocr_carea' id='block_1_1' title="bbox 1006 1202 1099 1281">
    <p class='ocr_par' dir='ltr' id='par_1_1' title="bbox 1006 1202 1099 1281">
     <span class='ocr_line' id='line_1_1' title="bbox 1006 1202 1099 1281; baseline 0 0"><span class='ocrx_word' id='word_1_1' title='bbox 1006 1202 1099 1281; x_wconf 91' lang='lat' dir='ltr'>XC.</span> 
     </span>
    </p>
   </div>
   <div class='ocr_carea' id='block_1_2' title="bbox 448 1396 1601 2002">
    <p class='ocr_par' dir='ltr' id='par_1_2' title="bbox 449 1396 1478 1673">
     <span class='ocr_line' id='line_1_2' title="bbox 449 1396 1478 1507; baseline -0.002 -27"><span class='ocrx_word' id='word_1_2' title='bbox 449 1402 645 1480; x_wconf 84' lang='lat' dir='ltr'>Nascatur</span> <span class='ocrx_word' id='word_1_3' title='bbox 674 1426 813 1506; x_wconf 88' lang='lat' dir='ltr'>magus</span> <span class='ocrx_word' id='word_1_4' title='bbox 843 1428 893 1479; x_wconf 89' lang='lat' dir='ltr'>ex</span> <span class='ocrx_word' id='word_1_5' title='bbox 925 1398 1035 1479; x_wconf 88' lang='lat' dir='ltr'>Gelli</span> <span class='ocrx_word' id='word_1_6' title='bbox 1063 1399 1277 1507; x_wconf 89' lang='lat' dir='ltr'>matrisque</span> <span class='ocrx_word' id='word_1_7' title='bbox 1307 1396 1478 1479; x_wconf 86' lang='lat' dir='ltr'>nefando</span> 
     </span>
     <span class='ocr_line' id='line_1_3' title="bbox 505 1564 1462 1673; baseline -0.003 -29"><span class='ocrx_word' id='word_1_8' title='bbox 505 1565 707 1671; x_wconf 88' lang='lat' dir='ltr'>Coniugio</span> <span class='ocrx_word' id='word_1_9' title='bbox 736 1582 775 1642; x_wconf 91' lang='lat' dir='ltr'>et</span> <span class='ocrx_word' id='word_1_10' title='bbox 803 1564 925 1643; x_wconf 89' lang='lat' dir='ltr'>discat</span> <span class='ocrx_word' id='word_1_11' title='bbox 955 1565 1158 1643; x_wconf 90' lang='lat' dir='ltr'>Persicum</span> <span class='ocrx_word' id='word_1_12' title='bbox 1189 1566 1462 1673; x_wconf 89' lang='lat' dir='ltr'>aruspicium:</span> 
     </span>
    </p>

    <p class='ocr_par' dir='ltr' id='par_1_3' title="bbox 448 1730 1601 2002">
     <span class='ocr_line' id='line_1_4' title="bbox 448 1730 1601 1840; baseline -0.001 -28"><span class='ocrx_word' id='word_1_13' title='bbox 448 1733 558 1813; x_wconf 88' lang='lat' dir='ltr'>Nam</span> <span class='ocrx_word' id='word_1_14' title='bbox 589 1758 728 1839; x_wconf 88' lang='lat' dir='ltr'>magus</span> <span class='ocrx_word' id='word_1_15' title='bbox 757 1759 807 1810; x_wconf 86' lang='lat' dir='ltr'>ex</span> <span class='ocrx_word' id='word_1_16' title='bbox 836 1752 961 1809; x_wconf 89' lang='lat' dir='ltr'>matre</span> <span class='ocrx_word' id='word_1_17' title='bbox 990 1748 1029 1809; x_wconf 91' lang='lat' dir='ltr'>et</span> <span class='ocrx_word' id='word_1_18' title='bbox 1059 1747 1181 1837; x_wconf 90' lang='lat' dir='ltr'>gnato</span> <span class='ocrx_word' id='word_1_19' title='bbox 1211 1730 1400 1837; x_wconf 89' lang='lat' dir='ltr'>gignatur</span> <span class='ocrx_word' id='word_1_20' title='bbox 1428 1749 1601 1840; x_wconf 88' lang='lat' dir='ltr'>oportet,</span> 
     </span>
     <span class='ocr_line' id='line_1_5' title="bbox 507 1894 1318 2002; baseline 0.001 -28"><span class='ocrx_word' id='word_1_21' title='bbox 507 1897 547 1974; x_wconf 89' lang='lat' dir='ltr'>Si</span> <span class='ocrx_word' id='word_1_22' title='bbox 576 1923 666 1974; x_wconf 90' lang='lat' dir='ltr'>vera</span> <span class='ocrx_word' id='word_1_23' title='bbox 694 1913 752 1974; x_wconf 92' lang='lat' dir='ltr'>est</span> <span class='ocrx_word' id='word_1_24' title='bbox 783 1896 991 1975; x_wconf 88' lang='lat' dir='ltr'>Persarum</span> <span class='ocrx_word' id='word_1_25' title='bbox 1021 1895 1129 2002; x_wconf 89' lang='lat' dir='ltr'>inpia</span> <span class='ocrx_word' id='word_1_26' title='bbox 1152 1894 1318 2002; x_wconf 85' lang='lat' dir='ltr'>relligio,</span> 
     </span>
    </p>
   </div>
   <div class='ocr_carea' id='block_1_3' title="bbox 350 2059 1441 2167">
    <p class='ocr_par' dir='ltr' id='par_1_4' title="bbox 350 2059 1441 2167">
     <span class='ocr_line' id='line_1_6' title="bbox 350 2059 1441 2167; baseline 0.001 -28"><span class='ocrx_word' id='word_1_27' title='bbox 350 2078 367 2147; x_wconf 83' lang='grc'><strong><em>5</em></strong></span> <span class='ocrx_word' id='word_1_28' title='bbox 450 2062 595 2139; x_wconf 91' lang='lat' dir='ltr'>Gratus</span> <span class='ocrx_word' id='word_1_29' title='bbox 626 2078 670 2139; x_wconf 91' lang='lat' dir='ltr'>ut</span> <span class='ocrx_word' id='word_1_30' title='bbox 699 2077 860 2167; x_wconf 87' lang='lat' dir='ltr'>accepto</span> <span class='ocrx_word' id='word_1_31' title='bbox 890 2078 1099 2140; x_wconf 89' lang='lat' dir='ltr'>veneretur</span> <span class='ocrx_word' id='word_1_32' title='bbox 1126 2060 1301 2139; x_wconf 87' lang='lat' dir='ltr'>carmine</span> <span class='ocrx_word' id='word_1_33' title='bbox 1330 2059 1441 2140; x_wconf 90' lang='lat' dir='ltr'>divos</span> 
     </span>
    </p>
   </div>
   <div class='ocr_carea' id='block_1_4' title="bbox 506 2218 1468 2328">
    <p class='ocr_par' dir='ltr' id='par_1_5' title="bbox 506 2218 1468 2328">
     <span class='ocr_line' id='line_1_7' title="bbox 506 2218 1468 2328; baseline 0 -29"><span class='ocrx_word' id='word_1_34' title='bbox 506 2219 732 2299; x_wconf 90' lang='lat' dir='ltr'>Omentum</span> <span class='ocrx_word' id='word_1_35' title='bbox 761 2221 801 2298; x_wconf 96' lang='lat' dir='ltr'>in</span> <span class='ocrx_word' id='word_1_36' title='bbox 832 2219 992 2299; x_wconf 85' lang='lat' dir='ltr'>flamma</span> <span class='ocrx_word' id='word_1_37' title='bbox 1020 2221 1171 2328; x_wconf 91' lang='lat' dir='ltr'>pingue</span> <span class='ocrx_word' id='word_1_38' title='bbox 1200 2218 1468 2328; x_wconf 76' lang='lat' dir='ltr'>liquefaciens,</span> 
     </span>
    </p>
   </div>
   <div class='ocr_carea' id='block_1_5' title="bbox 995 2725 1109 2804">
    <p class='ocr_par' dir='ltr' id='par_1_6' title="bbox 995 2725 1109 2804">
     <span class='ocr_line' id='line_1_8' title="bbox 995 2725 1109 2804; baseline 0.009 -1"><span class='ocrx_word' id='word_1_39' title='bbox 995 2725 1109 2804; x_wconf 91' lang='lat' dir='ltr'>XCl.</span> 
     </span>
    </p>
   </div>
   <div class='ocr_carea' id='block_1_6' title="bbox 349 2918 1656 4506">
    <p class='ocr_par' dir='ltr' id='par_1_7' title="bbox 349 2918 1656 4506">
     <span class='ocr_line' id='line_1_9' title="bbox 448 2918 1416 3030; baseline -0.001 -27"><span class='ocrx_word' id='word_1_40' title='bbox 448 2924 544 3004; x_wconf 94' lang='lat' dir='ltr'>Non</span> <span class='ocrx_word' id='word_1_41' title='bbox 572 2925 673 3018; x_wconf 88' lang='lat' dir='ltr'>ideo,</span> <span class='ocrx_word' id='word_1_42' title='bbox 706 2923 825 3017; x_wconf 90' lang='lat' dir='ltr'>Gelli,</span> <span class='ocrx_word' id='word_1_43' title='bbox 854 2920 1058 3030; x_wconf 88' lang='lat' dir='ltr'>sperabam</span> <span class='ocrx_word' id='word_1_44' title='bbox 1088 2940 1128 3001; x_wconf 89' lang='lat' dir='ltr'>te</span> <span class='ocrx_word' id='word_1_45' title='bbox 1158 2918 1260 3000; x_wconf 91' lang='lat' dir='ltr'>mihi</span> <span class='ocrx_word' id='word_1_46' title='bbox 1287 2922 1416 3002; x_wconf 90' lang='lat' dir='ltr'>fidum</span> 
     </span>
     <span class='ocr_line' id='line_1_10' title="bbox 506 3083 1578 3193; baseline -0.003 -25"><span class='ocrx_word' id='word_1_47' title='bbox 506 3090 553 3168; x_wconf 96' lang='lat' dir='ltr'>ln</span> <span class='ocrx_word' id='word_1_48' title='bbox 583 3089 725 3168; x_wconf 91' lang='lat' dir='ltr'>misero</span> <span class='ocrx_word' id='word_1_49' title='bbox 753 3084 833 3166; x_wconf 95' lang='lat' dir='ltr'>hoc</span> <span class='ocrx_word' id='word_1_50' title='bbox 861 3105 1006 3179; x_wconf 90' lang='lat' dir='ltr'>nostr0‚</span> <span class='ocrx_word' id='word_1_51' title='bbox 1036 3083 1115 3165; x_wconf 91' lang='lat' dir='ltr'>hoc</span> <span class='ocrx_word' id='word_1_52' title='bbox 1143 3085 1297 3193; x_wconf 91' lang='lat' dir='ltr'>perdito</span> <span class='ocrx_word' id='word_1_53' title='bbox 1327 3114 1462 3167; x_wconf 90' lang='lat' dir='ltr'>amore</span> <span class='ocrx_word' id='word_1_54' title='bbox 1491 3084 1578 3165; x_wconf 85' lang='lat' dir='ltr'>fore&#39;</span> 
     </span>
     <span class='ocr_line' id='line_1_11' title="bbox 450 3250 1568 3360; baseline -0.003 -28"><span class='ocrx_word' id='word_1_55' title='bbox 450 3253 570 3358; x_wconf 77' lang='lat' dir='ltr'>Quod</span> <span class='ocrx_word' id='word_1_56' title='bbox 600 3272 637 3332; x_wconf 91' lang='lat' dir='ltr'>te</span> <span class='ocrx_word' id='word_1_57' title='bbox 667 3278 900 3360; x_wconf 90' lang='lat' dir='ltr'>cognossem</span> <span class='ocrx_word' id='word_1_58' title='bbox 930 3250 1030 3330; x_wconf 91' lang='lat' dir='ltr'>bene</span> <span class='ocrx_word' id='word_1_59' title='bbox 1059 3268 1355 3329; x_wconf 91' lang='lat' dir='ltr'>constantemve</span> <span class='ocrx_word' id='word_1_60' title='bbox 1384 3269 1568 3360; x_wconf 88' lang='lat' dir='ltr'>putarem</span> 
     </span>
     <span class='ocr_line' id='line_1_12' title="bbox 503 3411 1522 3525; baseline -0.003 -29"><span class='ocrx_word' id='word_1_61' title='bbox 503 3419 588 3496; x_wconf 90' lang='lat' dir='ltr'>Aut</span> <span class='ocrx_word' id='word_1_62' title='bbox 616 3445 727 3525; x_wconf 89' lang='lat' dir='ltr'>posse</span> <span class='ocrx_word' id='word_1_63' title='bbox 757 3444 779 3494; x_wconf 91' lang='lat' dir='ltr'>a</span> <span class='ocrx_word' id='word_1_64' title='bbox 807 3417 913 3523; x_wconf 91' lang='lat' dir='ltr'>turpi</span> <span class='ocrx_word' id='word_1_65' title='bbox 943 3433 1120 3494; x_wconf 92' lang='lat' dir='ltr'>mentem</span> <span class='ocrx_word' id='word_1_66' title='bbox 1149 3411 1331 3494; x_wconf 89' lang='lat' dir='ltr'>inhibere</span> <span class='ocrx_word' id='word_1_67' title='bbox 1359 3415 1522 3524; x_wconf 87' lang='lat' dir='ltr'>probro,</span> 
     </span>
     <span class='ocr_line' id='line_1_13' title="bbox 349 3578 1656 3687; baseline 0 -28"><span class='ocrx_word' id='word_1_68' title='bbox 349 3603 365 3669; x_wconf 81' lang='lat'>5</span> <span class='ocrx_word' id='word_1_69' title='bbox 450 3580 525 3659; x_wconf 89' lang='lat' dir='ltr'>Sed</span> <span class='ocrx_word' id='word_1_70' title='bbox 555 3607 683 3687; x_wconf 90' lang='lat' dir='ltr'>neque</span> <span class='ocrx_word' id='word_1_71' title='bbox 712 3578 821 3686; x_wconf 92' lang='lat' dir='ltr'>quod</span> <span class='ocrx_word' id='word_1_72' title='bbox 855 3597 1024 3657; x_wconf 90' lang='lat' dir='ltr'>matrem</span> <span class='ocrx_word' id='word_1_73' title='bbox 1052 3605 1126 3656; x_wconf 91' lang='lat' dir='ltr'>nec</span> <span class='ocrx_word' id='word_1_74' title='bbox 1166 3605 1396 3685; x_wconf 89' lang='lat' dir='ltr'>germanam</span> <span class='ocrx_word' id='word_1_75' title='bbox 1424 3606 1505 3660; x_wconf 90' lang='lat' dir='ltr'>esse</span> <span class='ocrx_word' id='word_1_76' title='bbox 1547 3580 1656 3660; x_wconf 93' lang='lat' dir='ltr'>vide-</span> 
     </span>
     <span class='ocr_line' id='line_1_14' title="bbox 562 3745 654 3823; baseline 0.011 -1"><span class='ocrx_word' id='word_1_77' title='bbox 562 3745 654 3823; x_wconf 88' lang='lat' dir='ltr'>bam</span> 
     </span>
     <span class='ocr_line' id='line_1_15' title="bbox 505 3906 1496 4013; baseline 0.003 -26"><span class='ocrx_word' id='word_1_78' title='bbox 505 3909 625 3987; x_wconf 89' lang='lat' dir='ltr'>Hanc</span> <span class='ocrx_word' id='word_1_79' title='bbox 654 3906 739 4001; x_wconf 89' lang='lat' dir='ltr'>tibi,</span> <span class='ocrx_word' id='word_1_80' title='bbox 770 3906 880 3985; x_wconf 91' lang='lat' dir='ltr'>cuius</span> <span class='ocrx_word' id='word_1_81' title='bbox 910 3933 976 3984; x_wconf 91' lang='lat' dir='ltr'>me</span> <span class='ocrx_word' id='word_1_82' title='bbox 1006 3933 1173 4013; x_wconf 91' lang='lat' dir='ltr'>magnus</span> <span class='ocrx_word' id='word_1_83' title='bbox 1204 3906 1343 3987; x_wconf 85' lang='lat' dir='ltr'>edebat</span> <span class='ocrx_word' id='word_1_84' title='bbox 1372 3936 1496 3990; x_wconf 89' lang='lat' dir='ltr'>amor.</span> 
     </span>
     <span class='ocr_line' id='line_1_16' title="bbox 448 4069 1437 4178; baseline 0.001 -29"><span class='ocrx_word' id='word_1_85' title='bbox 448 4072 499 4149; x_wconf 91' lang='lat' dir='ltr'>Et</span> <span class='ocrx_word' id='word_1_86' title='bbox 528 4071 707 4178; x_wconf 86' lang='lat' dir='ltr'>quamvis</span> <span class='ocrx_word' id='word_1_87' title='bbox 739 4088 871 4148; x_wconf 92' lang='lat' dir='ltr'>tecum</span> <span class='ocrx_word' id='word_1_88' title='bbox 902 4069 1030 4148; x_wconf 92' lang='lat' dir='ltr'>multo</span> <span class='ocrx_word' id='word_1_89' title='bbox 1060 4072 1322 4178; x_wconf 86' lang='lat' dir='ltr'>coniungerer</span> <span class='ocrx_word' id='word_1_90' title='bbox 1352 4100 1437 4167; x_wconf 90' lang='lat' dir='ltr'>usu,</span> 
     </span>
     <span class='ocr_line' id='line_1_17' title="bbox 505 4232 1452 4316; baseline 0.002 -3"><span class='ocrx_word' id='word_1_91' title='bbox 505 4235 602 4313; x_wconf 96' lang='lat' dir='ltr'>Non</span> <span class='ocrx_word' id='word_1_92' title='bbox 631 4234 720 4312; x_wconf 89' lang='lat' dir='ltr'>satis</span> <span class='ocrx_word' id='word_1_93' title='bbox 750 4233 790 4312; x_wconf 95' lang='lat' dir='ltr'>id</span> <span class='ocrx_word' id='word_1_94' title='bbox 820 4260 956 4311; x_wconf 85' lang='lat' dir='ltr'>causae</span> <span class='ocrx_word' id='word_1_95' title='bbox 986 4232 1228 4312; x_wconf 91' lang='lat' dir='ltr'>credideram</span> <span class='ocrx_word' id='word_1_96' title='bbox 1258 4261 1338 4313; x_wconf 89' lang='lat' dir='ltr'>esse</span> <span class='ocrx_word' id='word_1_97' title='bbox 1368 4234 1452 4316; x_wconf 91' lang='lat' dir='ltr'>tibi.</span> 
     </span>
     <span class='ocr_line' id='line_1_18' title="bbox 446 4397 1601 4506; baseline 0.004 -28"><span class='ocrx_word' id='word_1_98' title='bbox 446 4400 515 4478; x_wconf 92' lang='lat' dir='ltr'>Tu</span> <span class='ocrx_word' id='word_1_99' title='bbox 541 4399 630 4477; x_wconf 91' lang='lat' dir='ltr'>satis</span> <span class='ocrx_word' id='word_1_100' title='bbox 660 4398 700 4477; x_wconf 94' lang='lat' dir='ltr'>id</span> <span class='ocrx_word' id='word_1_101' title='bbox 730 4398 871 4477; x_wconf 87' lang='lat' dir='ltr'>duxti:</span> <span class='ocrx_word' id='word_1_102' title='bbox 905 4415 1060 4477; x_wconf 91' lang='lat' dir='ltr'>tantum</span> <span class='ocrx_word' id='word_1_103' title='bbox 1093 4397 1165 4477; x_wconf 93' lang='lat' dir='ltr'>tibi</span> <span class='ocrx_word' id='word_1_104' title='bbox 1196 4398 1389 4506; x_wconf 88' lang='lat' dir='ltr'>gaudium</span> <span class='ocrx_word' id='word_1_105' title='bbox 1418 4402 1458 4479; x_wconf 92' lang='lat' dir='ltr'>in</span> <span class='ocrx_word' id='word_1_106' title='bbox 1489 4404 1601 4483; x_wconf 93' lang='lat' dir='ltr'>omni</span> 
     </span>
    </p>
   </div>
   <div class='ocr_carea' id='block_1_7' title="bbox 349 4560 1551 4670">
    <p class='ocr_par' dir='ltr' id='par_1_8' title="bbox 349 4560 1551 4670">
     <span class='ocr_line' id='line_1_19' title="bbox 349 4560 1551 4670; baseline 0.003 -30"><span class='ocrx_word' id='word_1_107' title='bbox 349 4580 390 4627; x_wconf 91' lang='lat'>10</span> <span class='ocrx_word' id='word_1_108' title='bbox 505 4561 636 4670; x_wconf 90' lang='lat' dir='ltr'>Culpa</span> <span class='ocrx_word' id='word_1_109' title='bbox 665 4580 735 4656; x_wconf 88' lang='lat' dir='ltr'>est,</span> <span class='ocrx_word' id='word_1_110' title='bbox 765 4562 806 4639; x_wconf 93' lang='lat' dir='ltr'>in</span> <span class='ocrx_word' id='word_1_111' title='bbox 837 4588 1092 4668; x_wconf 92' lang='lat' dir='ltr'>quacumque</span> <span class='ocrx_word' id='word_1_112' title='bbox 1122 4580 1180 4641; x_wconf 89' lang='lat' dir='ltr'>est</span> <span class='ocrx_word' id='word_1_113' title='bbox 1209 4560 1358 4668; x_wconf 88' lang='lat' dir='ltr'>aliquid</span> <span class='ocrx_word' id='word_1_114' title='bbox 1386 4562 1551 4644; x_wconf 89' lang='lat' dir='ltr'>sceleris.</span> 
     </span>
    </p>
   </div>
   <div class='ocr_carea' id='block_1_8' title="bbox 0 0 1898 5528">
    <p class='ocr_par' dir='ltr' id='par_1_9' title="bbox 0 0 1898 5528">
     <span class='ocr_line' id='line_1_20' title="bbox 0 0 1898 5528; baseline 0 0"><span class='ocrx_word' id='word_1_115' title='bbox 0 0 1898 5528; x_wconf 95' lang='lat' dir='ltr'> </span> 
     </span>
    </p>
   </div>
  </div>
 </body>
</html>
