3750 5528
440 1008 646 1113 Quaedam
685 1011 826 1119 inquit,
859 1009 1013 1088 nudum
1048 1010 1208 1090 reducta
1241 1029 1390 1118 pectus,

439 1171 526 1247 ‘En
557 1167 625 1248 hic
656 1170 695 1248 in
728 1170 844 1248 roseis
876 1169 971 1249 latet
983 1168 1164 1277 papillis?

440 1333 516 1412 Sed
547 1352 584 1412 te
615 1335 694 1412 iam
728 1330 827 1412 ferre
862 1333 1029 1412 Herculi
1063 1332 1172 1412 labos
1204 1352 1272 1416 est.

441 1497 537 1576 Non
570 1515 698 1576 custos
728 1499 760 1577 si
792 1495 918 1604 fingar
948 1497 1014 1575 ille
1048 1499 1229 1593 Cretum,

442 1659 537 1740 Non
571 1662 694 1741 Ladas
726 1690 802 1769 ego
836 1662 1065 1770 pinnipesve
1101 1662 1275 1756 Perseus,

443 1825 537 1904 Non
570 1827 602 1904 si
635 1827 808 1933 Pegaseo
839 1824 940 1905 ferar
972 1824 1116 1918 volatu,

443 1988 538 2068 Non
573 1987 695 2069 Rhesi
725 1991 860 2069 niveae
891 1990 1067 2097 citaeque
1099 1987 1238 2096 bigae;

441 2152 555 2232 Adde
588 2151 670 2234 huc
702 2152 946 2262 plumipedes
982 2152 1247 2261 volatilesque,

441 2317 741 2425 Ventorumque
770 2318 887 2397 simul
920 2317 1072 2425 require
1103 2344 1293 2396 cursum:

445 2481 556 2586 Quos
587 2483 754 2576 iunctos
789 2483 960 2575 Cameri,
992 2478 1094 2560 mihi
1125 2480 1284 2574 dicares,

445 2641 631 2723 Defessus
664 2662 795 2722 tamen
828 2642 1013 2724 omnibus
1045 2643 1229 2722 medullis

445 2807 497 2886 Et
530 2807 665 2887 multis
695 2806 922 2913 langoribus
954 2833 1109 2916 peresus

446 2973 580 3051 Essem
614 2991 652 3051 te
684 2968 797 3065 mihi,
830 2972 967 3065 amice,
1002 2969 1267 3078 quaeritando

445 3137 577 3215 Tanto
608 3155 673 3215 ten
705 3132 807 3214 fastu
840 3162 972 3241 negas,
1004 3135 1160 3213 amice?

448 3299 527 3378 Dic
560 3297 672 3392 nobis
704 3297 772 3378 ubi
802 3299 851 3378 sis
883 3295 1052 3392 futurus,
1085 3297 1156 3377 ede

447 3462 657 3556 Audacter,
689 3463 880 3541 conmitte
912 3462 1027 3542 crede
1057 3423 1151 3541 luci.

448 3624 571 3704 Nunc
600 3644 638 3704 te
666 3626 851 3705 lacteolae
887 3644 1021 3705 tenent
1054 3624 1238 3735 puellae?

449 3791 487 3869 Si
517 3790 697 3897 linguam
728 3790 861 3869 clauso
896 3807 1003 3871 tenes
1038 3792 1078 3869 in
1110 3817 1191 3883 ore,

450 3952 617 4032 Fructus
651 3952 815 4060 proicies
850 3954 990 4033 amoris
1022 3978 1188 4032 omnes:

448 4117 621 4194 Verbosa
653 4113 797 4220 gaudet
828 4118 961 4195 Venus
990 4114 1174 4223 loquella.

448 4283 523 4363 Vel
557 4284 588 4363 si
620 4284 690 4377 vis,
723 4282 817 4362 licet
851 4283 1003 4364 obseres
1038 4282 1229 4391 palatum,

453 4449 565 4526 Dum
598 4446 719 4525 nostri
752 4446 801 4524 sis
833 4449 1022 4556 particeps
1057 4445 1211 4524 amoris.
