1156 1692
626 394 651 414 68

603 484 669 504 LXII.

334 540 408 567 Vesper
423 539 483 563 adest,
498 539 584 561 iuvenes,
599 538 726 564 consurgite:
743 538 818 565 Vesper
833 537 923 564 Olympo

334 581 441 608 Expectata
455 581 490 600 diu
506 580 539 600 vix
554 579 633 599 tandem
649 579 725 598 lumina
739 578 797 599 tollit.

333 622 415 649 Surgere
431 622 470 641 iam
485 626 570 648 tempus,
585 620 625 640 iam
640 620 718 647 pinguis
733 620 822 647 linquere
837 626 925 643 mensas;

333 663 377 682 Iam
391 662 456 682 veniet
471 662 533 688 virgo,
549 661 589 681 iam
604 660 681 680 dicetur
697 661 831 687 Hymenaeus.

316 711 324 728 5
362 703 444 730 Hymen
460 710 472 723 0
487 703 612 729 Hymenaee,
628 701 711 728 Hymen
725 701 770 721 ades
783 708 796 721 o
810 701 940 728 Hymenaee!

333 763 426 786 Cernitis,
441 763 541 790 innuptae,
556 762 653 782 iuvenes?
669 762 780 789 consurgite
795 767 877 782 contra:

333 804 437 824 Nimirum
453 804 538 824 Oetaeos
553 803 639 823 ostendit
653 803 737 823 noctifer
752 803 813 830 ignes.

334 845 365 865 Sic
380 850 431 865 certe
446 850 488 868 est;
503 844 561 864 viden
577 849 599 864 ut
613 844 719 872 perniciter
733 844 836 864 exiluere?

333 886 382 906 Non
397 891 471 906 temere
486 886 585 909 exiluere;
600 891 671 906 canent
686 886 740 913 quod
756 886 815 906 visere
830 893 864 914 par
878 891 913 907 est.

306 930 326 942 ¹0
362 927 444 954 Hymen
460 934 472 947 o
487 927 611 954 Hymenaee,
627 926 710 954 Hymen
724 926 768 947 ades
782 934 794 947 o
809 927 938 954 Hymenaee!

332 988 380 1008 Non
395 987 457 1008 facilis
473 988 536 1011 nobis,
552 988 648 1015 aequales,
663 988 731 1016 palma
744 993 810 1016 parata
825 993 860 1012 est,

333 1029 440 1056 Adspicite,
455 1029 550 1056 innuptae
564 1036 633 1049 secum
649 1034 671 1049 ut
685 1029 780 1049 meditata
794 1030 903 1057 requirunt.

333 1069 381 1089 Non
394 1069 466 1089 frustra
479 1069 606 1093 meditantur,
616 1069 690 1090 habent
702 1070 831 1090 memorabile
841 1070 895 1097 quod
907 1070 938 1090 sit.

332 1109 377 1129 Nec
392 1110 473 1133 mirum,
488 1109 566 1136 penitus
581 1116 632 1137 quae
647 1114 689 1129 tota
703 1114 770 1130 mente
785 1109 880 1130 laborant.

306 1153 323 1170 15
332 1150 375 1169 Nos
390 1150 429 1170 alio
443 1155 526 1173 mentes,
542 1150 580 1170 alio
595 1150 698 1170 divisimus
713 1157 781 1170 aures:

332 1191 378 1211 Iure
393 1191 454 1218 igitur
469 1191 585 1214 vincemur;
600 1196 653 1211 amat
668 1192 749 1212 victoria
763 1199 836 1212 curam.

333 1232 399 1258 Quare
414 1239 468 1252 nunc
482 1232 558 1252 animos
573 1232 643 1252 saltem
658 1233 765 1253 convertite
781 1238 861 1257 vestros,

333 1273 405 1293 Dicere
420 1273 460 1293 iam
475 1273 576 1300 incipient,
592 1274 631 1293 iam
646 1274 763 1301 respondere
777 1274 861 1295 decebit.

361 1314 444 1341 Hymen
459 1321 471 1334 0
487 1314 611 1341 Hymenaee,
628 1315 711 1342 Hymen
726 1315 771 1335 ades
781 1322 793 1335 o
803 1316 934 1343 Hymenaee!
