3750 5528
902 749 973 800 111

328 941 393 1019 Ad
417 969 538 1049 quam
565 959 656 1019 tum
682 967 896 1050 properans
917 936 1042 1018 fertur
1066 939 1185 1019 simul
1208 940 1384 1049 undique
1412 939 1538 1051 pubes

387 1106 544 1185 Graeca
571 1103 789 1214 penetrales
819 1103 1033 1184 deseruisse
1062 1102 1186 1200 focos,

329 1271 395 1351 Ne
415 1273 535 1350 <Paris
567 1270 735 1350 abducta
765 1272 919 1377 gavisus
949 1269 1072 1348 libera
1101 1268 1269 1349 moecha

389 1438 486 1515 Otia
514 1455 655 1544 pacato
685 1435 847 1541 degeret
877 1436 917 1513 in
949 1431 1140 1514 thalamo.

335 1600 428 1707 Quo
458 1600 530 1679 tibi
560 1619 650 1679 tum
679 1628 785 1693 casu,
815 1596 1083 1709 pulcherrima
1113 1600 1343 1695 Laudamia,

390 1767 584 1874 Ereptum
614 1783 672 1843 est
701 1764 780 1842 vita
809 1763 962 1842 dulcius
994 1782 1110 1871 atque
1140 1763 1273 1842 anima

335 1930 617 2036 Coniugium:
649 1948 759 2008 tanto
790 1946 829 2006 te
859 1925 1070 2006 absorbens
1102 1928 1246 2005 vertice
1276 1927 1420 2006 amoris

390 2097 534 2174 Aestus
564 2097 606 2172 in
637 2093 852 2204 abruptum
882 2091 1076 2172 detulerat
1105 2091 1351 2189 barathrum,

336 2258 462 2365 Quale
492 2257 626 2337 ferunt
657 2259 756 2338 Grai
786 2255 996 2336 Pheneum
1026 2285 1149 2367 prope
1180 2258 1421 2367 Cylleneum

391 2425 543 2504 Siccare
572 2422 724 2502 emulsa
754 2425 904 2532 pingue
933 2422 1075 2531 palude
1105 2423 1249 2518 solum,

337 2589 456 2694 Quod
486 2589 690 2697 quondam
720 2589 838 2667 caesis
869 2589 1017 2666 montis
1046 2585 1190 2667 fodisse
1220 2589 1406 2669 medullis

390 2752 516 2831 Audit
545 2750 772 2861 falsiparens
803 2748 1194 2861 Amphitryoniades,

333 2918 538 3025 Tempore
568 2944 649 3024 quo
679 2934 785 2995 certa
814 2912 1061 3025 Stymphalia
1090 2936 1267 2996 monstra
1295 2918 1437 3024 sagitta

394 3080 567 3159 Perculit
596 3080 766 3189 imperio
796 3079 996 3159 deterioris
1026 3082 1096 3177 eri,

336 3242 518 3323 Pluribus
550 3261 594 3321 ut
622 3242 721 3322 caeli
751 3261 943 3323 tereretur
971 3245 1089 3323 ianua
1117 3244 1232 3339 divis,

393 3406 513 3490 Hebe
543 3436 617 3487 nec
645 3408 768 3513 longa
797 3408 1023 3514 virginitate
1052 3406 1166 3489 foret.

336 3573 410 3652 Sed
439 3592 529 3653 tuus
560 3573 660 3652 altus
691 3600 803 3651 amor
832 3570 1016 3652 barathro
1043 3571 1122 3653 fuit
1150 3572 1267 3653 altior
1294 3571 1378 3668 illo,

395 3735 477 3842 Qui
506 3737 668 3816 tandem
696 3737 941 3816 indomitum
969 3735 1072 3817 ferre
1101 3739 1244 3845 iugum
1273 3738 1433 3819 docuit:

336 3900 447 3980 Nam
477 3920 663 3980 nectam
693 3929 831 3980 carum
860 3900 1043 3981 confecto
1073 3921 1198 3982 aetate
1227 3903 1380 4012 parenti

392 4067 481 4145 Vna
513 4085 632 4175 caput
661 4068 738 4145 seri
767 4084 858 4145 nata
887 4068 1040 4176 nepotis
1071 4066 1153 4163 alit,

341 4233 436 4340 Qui,
466 4259 561 4310 cum
590 4232 735 4312 divitiis
765 4233 833 4310 vix
862 4232 1023 4311 tandem
1054 4232 1237 4311 inventus
1268 4232 1379 4311 avitis

387 4397 553 4477 Nomen
588 4415 743 4477 testatas
776 4397 914 4477 intulit
943 4398 985 4475 in
1017 4396 1183 4492 tabulas,
