3750 5460
59 7 417 283 μ

843 833 918 910 109

272 1022 354 1126 Qui
386 1050 480 1101 cum
512 1021 562 1100 de
596 1049 721 1131 prona
752 1048 937 1131 praeceps
970 1040 1027 1101 est
1055 1022 1155 1101 valle
1184 1021 1356 1118 volutus,

330 1189 406 1266 Per
436 1188 615 1266 medium
645 1188 755 1266 densi
786 1188 923 1265 transit
953 1187 1028 1265 iter
1055 1186 1209 1296 populi,

275 1348 406 1428 Dulce
426 1352 567 1429 viatori
595 1350 696 1429 lasso
727 1351 767 1427 in
798 1349 941 1428 sudore
971 1349 1165 1444 levamen,

338 1516 450 1592 Cum
481 1516 609 1620 gravis
644 1532 803 1592 exustos
835 1532 960 1592 aestus
990 1510 1142 1591 hiulcat
1172 1539 1313 1618 agros:

277 1677 372 1771 Hic,
404 1676 512 1756 velut
542 1680 582 1755 in
614 1679 728 1783 nigro
759 1678 907 1756 iactatis
938 1675 1096 1754 turbine
1125 1677 1252 1755 nautis

334 1843 480 1920 Lenius
512 1843 680 1949 aspirans
713 1868 806 1919 aura
835 1840 1006 1919 secunda
1041 1843 1148 1919 venit

276 2006 364 2083 lam
394 2033 510 2114 prece
542 2004 730 2097 Pollucis,
762 2005 842 2081 iam
874 2005 1046 2082 Castoris
1077 2004 1298 2113 implorata,

331 2169 429 2247 Tale
458 2166 536 2247 fuit
567 2167 678 2247 nobis
711 2168 873 2246 Manius
904 2166 1113 2245 auxilium.

276 2334 313 2412 Is
344 2331 525 2411 clausum
555 2331 635 2409 lato
664 2328 850 2440 patefecit
880 2330 1007 2408 limite
1037 2358 1240 2438 campum,

333 2498 450 2605 Isque
480 2497 649 2574 domum
679 2494 792 2573 nobis
821 2496 932 2601 isque
962 2494 1071 2572 dedit
1100 2494 1320 2588 dominam,

276 2661 339 2739 Ad
370 2688 492 2768 quam
523 2686 758 2738 communes
793 2687 1065 2738 exerceremus
1095 2687 1261 2738 amores.

335 2825 428 2928 Quo
457 2852 547 2902 mea
575 2851 615 2902 se
646 2822 758 2901 molli
790 2822 954 2901 candida
984 2822 1074 2901 diva
1104 2823 1204 2931 pede

273 2989 415 3068 Intulit
445 3007 485 3066 et
515 2990 608 3066 trito
638 2985 864 3094 fulgentem
894 2988 934 3065 in
966 2987 1107 3065 limine
1141 2987 1319 3096 plantam

335 3153 475 3230 lnnixa
505 3169 646 3257 arguta
675 3151 881 3229 constituit
918 3151 1036 3245 solea,

278 3317 473 3422 Coniugis
504 3335 548 3394 ut
577 3316 780 3423 quondam
810 3313 977 3422 flagrans
1009 3316 1167 3394 advenit
1197 3344 1331 3394 amore

335 3479 612 3560 Protesilaeam
644 3481 863 3559 Laudamia
892 3481 1062 3560 domum

278 3647 484 3754 Inceptam
514 3643 669 3739 frustra,
699 3645 880 3723 nondum
901 3673 995 3723 cum
1023 3647 1214 3752 sanguine
1243 3674 1352 3725 sacro

334 3809 479 3887 Hostia
508 3808 682 3887 caelestis
712 3808 954 3917 pacificasset
983 3837 1080 3888 eros,

279 3970 351 4051 Nil
381 3969 482 4051 mihi
513 3990 594 4051 tam
626 3972 739 4051 valde
773 3973 938 4082 placeat,
971 3970 1220 4053 Rhamnusia
1249 3975 1376 4082 virgo,

335 4137 454 4241 Quod
484 4157 632 4216 temere
661 4139 794 4217 invitis
825 4140 1059 4248 suscipiatur
1087 4141 1174 4219 eris,

278 4300 411 4403 Quam
442 4302 572 4380 ieiuna
604 4303 718 4410 pium
748 4302 942 4382 desideret
971 4331 1036 4382 ara
1064 4331 1262 4400 cruorem,

338 4465 469 4544 Docta
498 4484 557 4545 est
586 4467 729 4546 amisso
753 4467 971 4547 Laudamia
997 4469 1094 4563 viru,
