3750 5460
1026 804 1077 884 82

440 1024 552 1101 Eruit
584 1022 669 1130 (illa
696 1020 834 1131 procul
864 1020 1045 1099 radicitus
1075 1020 1279 1100 exturbata

342 1210 403 1258 110
439 1190 569 1266 Prona
589 1187 704 1281 cadit,
734 1185 890 1291 lateque
919 1185 1042 1263 comis
1072 1184 1176 1262 cadit
1205 1183 1320 1262 obvia
1348 1182 1564 1292 frangens),

437 1350 500 1429 Sic
530 1350 684 1429 domito
714 1376 875 1428 saevum
903 1347 1112 1456 prostravit
1142 1373 1305 1454 corpore
1334 1344 1512 1426 Theseus

436 1515 695 1622 Nequiquam
723 1513 831 1592 vanis
860 1513 1071 1591 iactantem
1102 1538 1250 1590 cornua
1278 1513 1415 1593 ventis.

435 1677 532 1756 Inde
562 1677 705 1787 pedem
734 1704 862 1785 sospes
893 1674 1020 1754 multa
1049 1703 1141 1753 cum
1171 1674 1286 1753 laude
1316 1674 1467 1755 reflexit

434 1841 663 1921 Errabunda
692 1868 828 1947 regens
859 1841 968 1918 tenui
999 1840 1159 1947 vestigia
1187 1838 1269 1931 filo,

335 2018 392 2086 115
433 2004 499 2082 Ne
528 2002 780 2112 labyrintheis
810 2031 831 2081 e
861 2000 1025 2080 flexibus
1057 2002 1326 2109 egredientem

429 2166 545 2244 Tecti
573 2165 821 2246 frustraretur
850 2164 1143 2244 inobservabilis
1173 2193 1291 2245 error.

431 2330 505 2409 Sed
535 2330 631 2436 quid
661 2357 736 2436 ego
766 2359 788 2407 a
816 2330 946 2438 primo
975 2329 1166 2436 digressus
1197 2330 1369 2408 carmine
1398 2331 1512 2440 plura

430 2497 758 2592 Conmemorem,
789 2515 832 2576 ut
861 2497 1043 2606 linquens
1074 2499 1258 2604 genitoris
1290 2496 1371 2577 filia
1399 2498 1567 2594 voltum,

429 2661 485 2737 Vt
514 2661 894 2767 consanguinearum
924 2659 1169 2769 amplexum,
1201 2679 1245 2739 ut
1274 2661 1444 2769 denique
1473 2665 1620 2757 matris,

331 2850 392 2900 120
430 2823 542 2927 Quae
572 2825 712 2902 misera
740 2826 781 2902 in
813 2844 930 2932 gnata
960 2823 1159 2933 deperdita
1189 2824 1415 2920 laetabatur,

428 2987 627 3067 Omnibus
658 2984 718 3067 his
747 2984 896 3067 Thesei
926 2987 1085 3067 dulcem
1114 2992 1352 3099 praeoptarit
1381 3019 1571 3087 amorem,

425 3154 510 3230 Aut
539 3171 583 3230 ut
612 3173 722 3231 vecta
752 3154 825 3231 rati
853 3181 1041 3262 spumosa
1070 3154 1118 3232 ad
1147 3155 1262 3233 litora
1292 3156 1395 3235 Diae

426 3317 603 3410 Venerit,
635 3337 701 3395 aut
732 3335 776 3395 ut
806 3345 893 3395 eam
923 3316 1149 3396 devinctam
1178 3317 1331 3397 lumina
1358 3347 1501 3399 somno

427 3481 606 3589 Liquerit
635 3483 848 3560 inmemori
877 3482 1074 3561 discedens
1104 3501 1262 3590 pectore
1291 3483 1497 3563 coniunx?

330 3667 387 3734 125
427 3645 545 3752 Saepe
575 3642 685 3722 illam
714 3640 923 3753 perhibent
953 3644 1102 3723 ardenti
1131 3645 1248 3724 corde
1276 3643 1476 3726 furentem

428 3809 644 3887 Clarisonas
675 3810 758 3887 imo
786 3807 930 3888 fudisse
960 3838 981 3888 e
1010 3829 1167 3919 pectore
1197 3837 1324 3904 voces,

425 3974 487 4052 Ac
518 3990 605 4050 tum
633 3992 860 4082 praeruptos
891 3975 1041 4053 tristem
1076 3973 1334 4054 conscendere
1366 3994 1532 4069 montes,

427 4136 545 4216 Vnde
578 4138 703 4215 aciem
738 4139 778 4216 in
813 4139 944 4247 pelagi
979 4159 1103 4218 vastos
1135 4138 1386 4248 protenderet
1419 4160 1556 4236 aestus,

425 4301 536 4378 Tum
572 4301 730 4379 tremuli
756 4302 843 4381 salis
871 4302 1044 4382 adversas
1071 4331 1296 4411 procurrere
1327 4304 1367 4381 in
1401 4304 1522 4385 undas

330 4488 391 4553 130
427 4464 573 4545 Mollia
602 4465 769 4546 nudatae
800 4467 1005 4547 tollentem
1038 4469 1215 4574 tegmina
1244 4495 1367 4570 surae,
