3750 5460
769 791 822 874 79

184 1013 368 1123 Squalida
396 1012 553 1093 desertis
585 1012 725 1120 rubigo
756 1011 922 1092 infertur
952 1017 1096 1095 aratris.

184 1179 312 1284 Ipsius
343 1194 381 1255 at
409 1176 530 1270 sedes,
559 1203 812 1284 quacumque
841 1176 1028 1286 opulenta
1058 1181 1212 1259 recessit

187 1341 327 1448 Regia,
357 1338 529 1447 fulgenti
558 1338 764 1448 splendent
793 1367 888 1418 auro
919 1361 1036 1450 atque
1067 1362 1240 1448 argento,

185 1503 339 1583 Candet
368 1503 466 1582 ebur
493 1502 611 1597 soliis,
640 1503 838 1582 collucent
867 1506 1010 1613 pocula
1039 1533 1209 1601 mensae,

181 1667 287 1746 Tota
314 1666 456 1745 domus
472 1653 631 1772 ¹gaudet
661 1665 781 1772 regali
808 1666 1012 1775 splendida
1035 1695 1143 1775 gaza.

186 1827 376 1908 Pulvinar
406 1855 498 1906 vero
528 1828 641 1906 divae
672 1827 823 1934 geniale
854 1828 1005 1909 locatur

188 1992 350 2072 Sedibus
381 1994 419 2071 in
452 1992 604 2086 mediis,
636 1993 736 2071 Indo
765 1992 872 2100 quod
902 1994 1017 2073 dente
1046 1997 1217 2104 politum

185 2157 330 2234 Tincta
358 2157 458 2262 tegit
488 2183 598 2234 roseo
628 2151 813 2263 conchyli
840 2184 1015 2265 purpura
1043 2155 1147 2237 fuco.

242 2319 357 2396 Haec
386 2318 499 2396 vestis
528 2318 660 2426 priscis
689 2313 903 2397 hominum
933 2321 1076 2399 variata
1098 2320 1232 2428 figuris

187 2484 374 2562 Heroum
404 2481 504 2560 mira
533 2481 694 2559 virtutes
724 2481 869 2560 indicat
899 2502 989 2561 arte.

186 2652 378 2758 Namque
407 2648 642 2727 fluentisono
671 2666 920 2756 prospectans
950 2649 1063 2728 litore
1094 2651 1195 2730 Diae

184 2811 341 2893 Thesea
368 2812 574 2891 cedentem
603 2811 720 2889 celeri
750 2838 844 2888 cum
874 2810 992 2890 classe
1023 2831 1157 2892 tuetur

187 2979 407 3057 Indomitos
438 2977 478 3054 in
512 2975 628 3054 corde
658 3002 796 3082 gerens
827 2976 1001 3054 Ariadna
1030 2975 1192 3072 furores,
1417 3007 1454 3074 55

187 3140 376 3220 Necdum
405 3140 524 3217 etiam
553 3166 636 3217 sese
665 3165 764 3245 quae
795 3140 883 3217 visit
913 3141 1034 3220 visere
1064 3143 1199 3238 credit,

187 3309 245 3385 Vt
273 3326 365 3414 pote
394 3303 523 3383 fallaci
552 3331 652 3411 quae
684 3323 774 3383 turn
803 3305 981 3412 primum
1011 3308 1138 3386 excita
1165 3335 1307 3387 somno

188 3472 396 3551 Desertam
426 3471 466 3548 in
496 3468 579 3548 sola
607 3470 789 3549 miseram
817 3497 857 3548 se
887 3489 1020 3550 cernat
1049 3469 1204 3552 harena.

188 3637 410 3714 Immemor
439 3651 478 3711 at
506 3634 655 3712 iuvenis
685 3631 841 3741 fugiens
872 3636 982 3743 pellit
1012 3636 1109 3716 vada
1139 3639 1268 3732 remis,

190 3800 312 3878 Inrita
341 3817 523 3877 ventosae
552 3795 732 3903 linquens
762 3799 951 3905 promissa
978 3799 1182 3906 procellae.
1415 3819 1458 3882 60

191 3960 325 4065 Quem
353 3958 491 4069 procul
520 3988 571 4038 ex
600 3958 687 4065 alga
717 3961 871 4039 maestis
903 3961 1054 4040 Minois
1084 3962 1230 4058 ocellis,

190 4126 311 4203 Saxea
341 4142 384 4201 ut
414 4123 561 4228 effigies
592 4117 834 4216 bacchantis,
865 4123 1064 4230 prospicit,
1095 4119 1209 4218 eheu,

191 4289 383 4397 Prospicit
411 4305 453 4366 et
482 4288 635 4394 magnis
665 4313 848 4367 curarum
877 4285 1040 4367 fluctuat
1069 4288 1195 4383 undis,

192 4457 289 4534 Non
319 4452 420 4534 flavo
450 4453 617 4533 retinens
646 4451 833 4531 subtilem
863 4453 1006 4532 vertice
1035 4454 1209 4548 mitram,
