3750 5460
97 33 455 374 -

911 936 980 1015 141

335 1141 372 1220 5.
435 1134 571 1201 Servius
586 1139 631 1202 ad
646 1140 746 1222 Verg.
757 1139 936 1224 Georg.ll.
946 1155 997 1223 95.
1036 1142 1136 1206 Hanc
1152 1163 1252 1206 uvam
1270 1143 1357 1208 Cato
1372 1143 1551 1226 praecipue

332 1253 450 1316 laudat
475 1252 507 1314 in
536 1251 628 1314 libris
653 1273 738 1335 quos
763 1254 898 1337 scripsit
924 1256 969 1319 ad
996 1253 1126 1334 filium;
1149 1264 1266 1319 contra
1292 1255 1446 1320 Catullus
1472 1277 1549 1320 eam

330 1366 500 1446 vituperat
515 1373 549 1428 et
565 1365 647 1430 dicit
664 1366 745 1430 nulli
762 1368 808 1430 rei
832 1387 906 1430 esse
921 1376 1039 1450 aptam
1063 1368 1268 1451 miraturque
1290 1388 1349 1432 cur
1364 1388 1439 1432 eam
1457 1368 1552 1432 laud·

333 1478 441 1540 averit
458 1477 554 1542 Cato,

335 1684 374 1761 6.
437 1703 521 1768 Prin.
552 1705 1084 1785 Nat.iiist.xxviii.2.19.
1133 1705 1224 1768 Hinc
1256 1705 1427 1769 Theocriti
1459 1706 1550 1788 apud

337 1819 496 1893 Graecos,
509 1817 634 1881 Catulli
650 1819 740 1899 apud
758 1838 819 1880 nos
835 1838 1070 1900 proxumeque
1081 1818 1208 1900 Vergili
1225 1818 1551 1882 incantamentorum

336 1929 504 1994 amatoria
521 1927 673 1991 imitatio,

332 2181 371 2263 7.
432 2156 495 2235 sic
524 2183 594 2233 sua
622 2155 768 2235 lascivo
799 2175 954 2236 cantata
982 2176 1041 2236 est
1069 2184 1183 2265 saepe
1215 2155 1378 2236 Catullo

505 2320 686 2417 Femina,
716 2323 782 2400 cui
811 2320 955 2401 falsum
985 2322 1130 2401 Lesbia
1158 2350 1306 2401 nomen
1338 2341 1434 2417 erat,

451 2485 542 2562 Nec
572 2504 782 2566 contentus
813 2514 871 2580 ea,
901 2487 1049 2566 multos
1084 2486 1260 2594 vulgavit
1290 2513 1459 2581 amores

504 2649 552 2727 In
584 2649 726 2759 quibus
756 2652 838 2761 ipse
867 2680 987 2731 suum
1015 2650 1136 2731 fassus
1167 2651 1404 2731 adulterium
1434 2670 1504 2732 est.

378 2809 479 2876 ovid.
496 2812 595 2877 nist.
614 2814 658 2879 11.
675 2829 749 2896 427.

335 3009 371 3090 8·
433 3031 525 3099 Serv.
542 3039 584 3101 ad
601 3034 701 3120 Verg.
717 3038 803 3101 Aen.
824 3037 888 3103 ΙΙΙ.
903 3053 977 3117 409.
1025 3034 1116 3099 Hinc
1139 3035 1241 3100 etiam
1258 3033 1411 3100 Catullus
1431 3034 1549 3098 cavere

332 3148 431 3212 dixit.
478 3147 530 3228 Cf.
547 3147 665 3214 catull.
683 3162 733 3229 50.
754 3152 879 3229 18,19:
902 3149 954 3226 61,
976 3161 1044 3228 152.

332 3384 372 3465 9·
438 3377 583 3462 [Nonius
609 3375 788 3439 Marcellus
811 3396 842 3458 p.
861 3375 924 3455 546
940 3372 1119 3440 Carchesia
1142 3422 1149 3436 .
1174 3419 1181 3434 .
1208 3422 1215 3436 .
1243 3371 1396 3436 Catullus
1419 3371 1549 3434 Veron-

332 3512 423 3555 ensis
437 3515 444 3556 :

467 3603 620 3684 Lucida
647 3632 725 3714 qua
749 3602 930 3712 splendet
956 3600 1045 3709 (sic)
1070 3598 1267 3680 carchesia
1293 3598 1421 3708 mali]

340 3839 388 3891 10
434 3828 569 3896 Servius
592 3827 636 3890 ad
659 3826 758 3908 Verg.
775 3825 862 3890 Aen.
879 3825 958 3890 Vll.
977 3825 1040 3905 378
1057 3823 1211 3889 Catullus
1233 3822 1298 3886 hoc
1321 3821 1440 3886 turben
1465 3822 1548 3887 dicit

335 3955 373 4011 ut
388 3947 453 4010 hoc
468 3960 613 4006 carmen.
