3750 5460
912 958 963 1041 75

331 1185 451 1291 Quod
472 1184 581 1263 enim
602 1210 725 1290 genus
746 1181 897 1289 figurae
917 1199 988 1275 est,
1009 1208 1085 1288 ego
1110 1209 1191 1259 non
1218 1181 1325 1290 quod
1349 1179 1547 1261 obierim?

332 1352 420 1457 Ego
452 1349 607 1441 mulier,
629 1373 705 1453 ego
738 1344 978 1440 adulescens,
1000 1371 1075 1451 ego
1095 1341 1283 1453 ephebus,
1304 1371 1380 1451 ego
1416 1372 1528 1454 puer,

332 1513 421 1617 Ego
451 1511 629 1618 gymnasi
657 1507 717 1588 fui
746 1508 828 1604 flos,
858 1535 935 1614 ego
965 1534 1072 1586 eram
1101 1506 1218 1587 decus
1247 1507 1347 1587 olei:

334 1672 444 1753 Mihi
473 1675 611 1753 ianuae
640 1672 876 1780 frequentes,
907 1670 1007 1750 mihi
1037 1672 1176 1751 limina
1206 1672 1348 1782 tepida,
1559 1683 1599 1763 65

337 1836 446 1918 Mihi
475 1836 621 1918 floridis
651 1837 806 1917 corollis
837 1837 1018 1916 redimita
1047 1837 1188 1918 domus
1219 1857 1313 1934 erat,

336 2000 618 2109 Linquendum
650 1999 717 2078 ubi
747 2018 845 2079 esset
874 2018 960 2079 orto
990 1998 1092 2079 mihi
1121 2000 1202 2079 sole
1232 2001 1475 2081 cubiculum.

337 2166 424 2271 Ego
454 2190 560 2241 nunc
589 2161 710 2240 deum
740 2161 916 2240 ministra
944 2179 984 2239 et
1015 2162 1181 2270 Cybeles
1210 2160 1363 2242 famula
1390 2161 1521 2244 ferar?

337 2331 424 2435 Ego
457 2327 634 2420 Maenas,
664 2353 739 2432 ego
769 2326 849 2404 mei
877 2353 977 2435 pars,
1007 2353 1083 2433 ego
1114 2327 1171 2405 vir
1199 2326 1338 2405 sterilis
1368 2285 1469 2407 ero?

337 2494 425 2598 Ego
455 2490 586 2570 viridis
617 2488 747 2596 algida
776 2490 869 2569 Idae
899 2491 988 2568 nive
1018 2491 1162 2570 amicta
1191 2490 1278 2569 loca
1307 2491 1468 2572 colam?
1559 2525 1602 2591 70

335 2659 422 2763 Ego
452 2657 573 2734 vitam
604 2682 719 2761 agam
748 2654 821 2733 sub
851 2655 935 2734 altis
968 2651 1160 2762 Phrygiae
1190 2655 1469 2753 columinibus,

336 2820 416 2898 Vbi
446 2847 559 2899 cerva
587 2818 832 2912 silvicultrix,
864 2819 931 2897 ubi
962 2847 1054 2927 aper
1083 2821 1390 2927 nemorivagus?

333 2986 422 3063 Iam
452 2986 532 3063 iam
563 2981 670 3061 dolet
698 2981 805 3089 quod
835 2984 913 3089 egi,
943 2983 1023 3061 iam
1053 2984 1211 3091 iamque
1240 2984 1440 3092 paenitet.'

336 3149 470 3230 Roseis
502 3167 545 3226 ut
574 3144 668 3225 huic
698 3146 847 3226 labellis
876 3148 1023 3227 sonitus
1055 3148 1151 3226 citus
1182 3147 1289 3242 abiit,

334 3314 526 3394 Geminas
557 3312 691 3390 matris
721 3311 770 3390 ad
800 3338 908 3390 aures
938 3339 1040 3389 nova
1069 3312 1207 3390 nuntia
1237 3308 1417 3413 referens,
1558 3351 1598 3419 75

335 3479 399 3558 Ibi
428 3480 561 3557 iuncta
590 3478 682 3584 iuga
711 3475 904 3555 resolvens
936 3475 1087 3584 Cybele
1115 3476 1292 3556 leonibus

335 3645 591 3749 Laevumque
620 3642 768 3750 pecoris
798 3638 953 3720 hostem
982 3640 1184 3720 stimulans
1214 3641 1268 3720 ita
1297 3641 1499 3748 loquitur:

336 3808 574 3915 ‘Agedum’
613 3807 742 3914 inquit
772 3817 871 3913 ‘age
909 3804 1022 3884 ferox
1052 3806 1077 3900 i,
1106 3803 1169 3884 fac
1208 3823 1251 3884 ut
1288 3802 1398 3884 hunc
1435 3805 1546 3886 furor

391 3972 524 4078 agitet,

336 4137 415 4216 Fac
446 4137 503 4216 uti
531 4134 672 4214 furoris
703 4135 784 4213 ictu
813 4134 983 4213 reditum
1014 4135 1054 4213 in
1086 4162 1249 4214 nemora
1276 4132 1388 4228 ferat,

336 4303 434 4380 Mea
462 4301 583 4379 libere
612 4301 729 4379 nimis
759 4300 829 4407 qui
857 4296 995 4407 fugere
1027 4300 1191 4408 imperia
1220 4301 1341 4409 cupit.
1557 4323 1601 4388 80

335 4470 424 4575 Age
453 4465 571 4545 caede
601 4484 710 4573 terga
739 4465 874 4559 cauda,
905 4483 972 4544 tua
1001 4464 1161 4545 verbera
1189 4483 1333 4574 patere,

337 4633 438 4710 Face
470 4647 613 4709 cuncta
641 4629 837 4736 mugienti
865 4626 1028 4708 fremitu
1056 4629 1144 4708 loca
1171 4648 1365 4724 retonent,

339 4795 518 4876 Rutilam
547 4793 659 4874 ferox
690 4812 817 4874 torosa
846 4795 996 4874 cervice
1025 4813 1142 4902 quate
1171 4793 1332 4874 iubam?
