3750 5528
853 748 927 829 ยน25

749 1071 1022 1151 LXXXVlll.

285 1285 396 1390 Quid
424 1283 519 1364 facit
547 1287 592 1378 is,
625 1285 745 1381 Gelli,
775 1289 969 1393 quicum
999 1307 1126 1368 matre
1156 1307 1274 1395 atque
1303 1315 1434 1368 sorore

338 1450 472 1528 Prurit
500 1468 539 1528 et
569 1447 728 1528 abiectis
757 1451 965 1559 pervigilat
995 1453 1169 1531 tunicis?

283 1613 390 1718 Quid
418 1611 513 1693 facit
542 1615 586 1708 is,
614 1632 802 1723 patruum
831 1617 902 1722 qui
931 1645 1010 1695 non
1040 1617 1131 1696 sinit
1160 1644 1240 1695 esse
1272 1615 1488 1695 maritum?

338 1777 492 1886 Ecquid
520 1779 592 1857 scis
623 1798 819 1886 quantum
848 1781 1035 1889 suscipiat
1062 1780 1249 1860 sceleris?

280 1944 462 2050 Suscipit,
492 1971 516 2021 o
548 1942 669 2037 Gelli,
698 1961 895 2050 quantum
923 1972 1005 2023 non
1036 1944 1177 2024 ultima
1205 1941 1357 2053 Tethys
1570 1947 1587 2014 5

335 2107 425 2186 Nec
455 2108 611 2214 genitor
639 2105 908 2216 nympharum
938 2107 1064 2188 abluit
1096 2108 1312 2188 Oceanus:

278 2272 389 2351 Nam
418 2268 520 2350 nihil
549 2290 606 2350 est
635 2272 851 2379 quicquam
879 2272 1035 2351 sceleris
1064 2301 1145 2380 quo
1173 2271 1336 2380 prodeat
1364 2271 1477 2367 ultra,

335 2437 432 2517 Non
462 2437 495 2516 si
523 2436 693 2516 demisso
722 2464 762 2515 se
793 2438 875 2545 ipse
906 2456 1016 2516 voret
1046 2437 1185 2547 capite.

765 3054 998 3134 LXXXIX.

278 3217 433 3298 Gellius
463 3237 521 3298 est
550 3219 706 3298 tenuis:
738 3217 934 3325 quidni?
966 3216 1032 3296 cui
1061 3233 1144 3295 tam
1173 3213 1279 3293 bona
1307 3231 1432 3292 mater

332 3384 518 3491 Tamque
547 3383 678 3462 valens
708 3382 813 3486 vivat
843 3399 1005 3487 tamque
1034 3395 1198 3458 venusta
1226 3403 1337 3455 soror

277 3550 459 3656 Tamque
492 3549 619 3628 bonus
648 3565 807 3656 patruus
839 3564 1001 3653 tamque
1034 3544 1169 3623 omnia
1197 3540 1314 3651 plena
1343 3539 1484 3650 puellis

335 3712 541 3818 Cognatis,
570 3738 690 3818 quare
721 3712 751 3789 is
782 3709 933 3789 desinat
960 3736 1041 3787 esse
1071 3709 1232 3786 maceri

280 3872 361 3977 Qui
401 3892 445 3952 ut
484 3870 584 3952 nihil
623 3874 804 3980 attingat,
840 3872 914 3951 nisi
952 3870 1060 3978 quod
1108 3867 1165 3948 fas
1204 3887 1364 3975 tangere
1404 3894 1485 3946 non
1568 3869 1584 3938 5

390 4055 460 4131 est,

338 4201 606 4307 Quantumvis
637 4228 755 4308 quare
784 4200 833 4279 sit
863 4224 994 4277 macer
1017 4195 1201 4276 invenite.
