3750 5528
938 1328 1092 1408 LXIII.

411 1547 536 1655 Super
565 1548 640 1627 alta
669 1567 800 1628 vectus
830 1548 934 1627 Attis
964 1546 1082 1627 celeri
1110 1563 1192 1624 rate
1221 1544 1346 1624 maria

411 1710 632 1821 Phrygium
663 1732 706 1793 ut
735 1740 873 1792 nemus
904 1713 1023 1792 citato
1053 1709 1196 1819 cupide
1226 1710 1326 1818 pede
1356 1708 1488 1817 tetigit

409 1876 599 1986 Adiitque
629 1906 749 1988 opaca
777 1877 880 1956 silvis
911 1876 1092 1956 redimita
1120 1876 1208 1955 loca
1237 1875 1345 1972 deae,

411 2041 641 2122 Stimulatus
669 2042 724 2121 ibi
752 2041 898 2121 furenti
928 2038 1045 2136 rabie,
1076 2067 1197 2146 vagus
1226 2040 1362 2134 animi,

376 2207 597 2301 5Devolvit
626 2207 668 2287 ili
698 2225 813 2286 acuto
841 2206 914 2287 sibi
943 2205 1116 2315 pondera
1143 2204 1262 2283 silice.

407 2370 547 2477 Itaque
578 2388 621 2449 ut
651 2369 783 2450 relicta
811 2370 929 2450 sensit
957 2368 1031 2448 sibi
1061 2367 1240 2445 membra
1268 2367 1350 2445 sine
1380 2365 1479 2461 vir0,

408 2537 541 2615 Etiam
572 2554 725 2615 recente
757 2554 877 2614 terrae
908 2533 988 2613 sola
1016 2533 1206 2639 sanguine
1235 2530 1449 2627 maculans,

406 2700 544 2778 Niveis
573 2701 691 2779 citata
719 2699 824 2808 cepit
853 2697 1035 2777 manibus
1066 2697 1150 2774 leve
1181 2714 1387 2805 typanum,

404 2863 633 2972 Typanum,
663 2861 801 2942 tubam
832 2859 1027 2969 Cybebes,
1058 2877 1136 2953 tua,
1166 2877 1303 2953 mater,
1332 2858 1455 2955 initia,

352 3047 392 3095 10
407 3026 675 3134 Quatiensque
704 3045 813 3133 terga
843 3026 941 3104 tauri
972 3025 1111 3103 teneris
1142 3052 1236 3103 cava
1264 3023 1396 3131 digitis

404 3190 557 3270 Canere
588 3189 684 3271 haec
713 3192 790 3270 suis
820 3189 954 3269 adorta
983 3208 1040 3268 est
1070 3188 1329 3268 tremebunda
1358 3187 1600 3269 comitibus:

403 3354 552 3460 ‘Agite
582 3355 636 3434 ite
666 3354 713 3433 ad
742 3354 831 3449 alta,
863 3354 1015 3449 Gallae,
1047 3353 1215 3461 Cybeles
1246 3381 1409 3433 nemora
1437 3353 1570 3448 simul,

407 3517 532 3596 Simul
562 3519 628 3613 ite,
659 3518 938 3625 Dindymenae
967 3518 1150 3597 dominae
1180 3544 1278 3624 vaga
1306 3545 1461 3626 pecora,

403 3680 550 3763 Aliena
579 3709 678 3789 quae
707 3700 881 3791 petentes
911 3683 1020 3762 velut
1049 3683 1180 3763 exules
1210 3681 1298 3762 loca

352 3880 388 3949 15
406 3846 561 3925 Sectam
591 3874 724 3925 meam
753 3865 940 3926 executae
971 3847 1071 3927 duce
1101 3875 1166 3926 me
1196 3845 1297 3926 mihi
1327 3848 1489 3928 comites

407 4009 608 4088 Rabidum
637 4008 764 4088 salum
795 4011 931 4091 tulistis
963 4012 1261 4120 truculentaque
1290 4013 1420 4122 pelagi

406 4174 458 4252 Et
487 4200 628 4281 corpus
659 4174 828 4254 evirastis
860 4176 1024 4254 Veneris
1054 4176 1181 4254 nimio
1211 4175 1317 4269 odiu,

405 4335 585 4416 Hilarate
615 4364 701 4415 erae
730 4339 855 4417 citatis
886 4338 1081 4418 erroribus
1111 4340 1305 4424 animum.

406 4502 526 4582 Mora
554 4501 662 4582 tarda
690 4520 822 4582 mente
850 4502 986 4584 cedat:
1017 4502 1136 4583 simul
1165 4503 1232 4599 ite,
1260 4503 1470 4610 sequimini
