3750 5528
1031 857 1107 937 130

964 1143 1165 1222 XCVIII.

458 1361 505 1438 ln
537 1378 588 1454 te,
617 1360 650 1437 si
680 1358 718 1435 in
751 1383 1010 1465 quemquam,
1040 1356 1119 1436 dici
1148 1376 1254 1465 pote,
1284 1358 1423 1465 putide
1447 1358 1571 1455 Vetti,

513 1523 559 1602 ld
590 1521 698 1631 quod
728 1520 900 1599 verbosis
930 1520 1076 1599 dicitur
1105 1540 1144 1601 et
1172 1520 1317 1601 fatuis:

456 1690 536 1767 Ista
564 1715 660 1766 cum
690 1686 839 1793 lingua,
869 1686 903 1763 si
933 1712 1024 1764 usus
1055 1686 1187 1765 veniat
1215 1684 1302 1780 tibi,
1332 1686 1455 1794 possis

512 1852 636 1932 Culos
666 1873 705 1930 et
734 1850 909 1959 crepidas
940 1850 1093 1958 lingere
1122 1851 1353 1959 carpatInas.

353 2033 370 2100 5
453 2020 491 2099 Si
523 2046 593 2098 nos
625 2019 791 2096 omnino
821 2018 876 2096 vis
906 2043 1045 2095 omnes
1069 2016 1246 2124 perdere,
1274 2016 1401 2113 Vetti,

508 2183 672 2263 Hiscas:
704 2182 870 2261 omnino
899 2180 1008 2288 quod
1038 2182 1151 2288 cupis
1181 2180 1338 2260 efficies.

980 2826 1132 2905 XCIX.

451 3043 629 3150 Surripui
660 3040 746 3135 tibi,
777 3041 875 3119 dum
904 3040 1019 3134 ludis,
1051 3040 1202 3119 mellite
1234 3043 1407 3136 Iuventi,

505 3207 710 3286 Saviolum
740 3206 847 3285 dulci
878 3205 1032 3285 dulcius
1062 3204 1271 3285 ambrosia.

448 3371 599 3449 Verum
629 3370 669 3449 id
699 3398 779 3448 non
810 3371 958 3477 inpune
981 3369 1085 3447 tuli:
1117 3397 1290 3478 namque
1319 3370 1488 3479 amplius
1517 3366 1661 3451 horam

504 3536 700 3615 Suffixum
731 3537 771 3612 in
801 3562 960 3613 summa
989 3562 1054 3611 me
1085 3536 1252 3614 memini
1283 3563 1365 3615 esse
1395 3563 1526 3632 cruce,

350 3738 365 3803 3
450 3700 561 3777 Dum
592 3698 665 3777 tibi
695 3726 759 3777 me
789 3724 918 3805 purgo
948 3723 1021 3775 nec
1050 3724 1212 3805 possum
1242 3696 1398 3777 fletibus
1429 3698 1519 3779 ullis

503 3862 726 3942 Tantillum
757 3881 903 3941 vestrae
932 3861 1089 3940 demere
1117 3862 1309 3942 saevitiae.

449 4026 557 4105 Nam
585 4026 703 4105 simul
734 4026 773 4105 id
803 4023 954 4104 factum
984 4043 1053 4119 est,
1084 4026 1218 4105 multis
1247 4026 1372 4107 diluta
1404 4027 1547 4108 labella

506 4192 640 4270 Guttis
671 4190 879 4270 abstersisti
909 4190 1093 4269 omnibus
1133 4192 1318 4286 articulis,

451 4355 516 4433 Ne
545 4357 759 4463 quicquam
790 4372 922 4435 nostro
952 4372 1202 4434 contractum
1232 4385 1282 4435 ex
1312 4384 1379 4435 ore
1409 4374 1600 4452 maneret,

352 4550 391 4599 10
504 4521 730 4628 Tamquam
760 4521 981 4599 conmictae
1011 4547 1151 4630 spurca
1179 4519 1299 4600 saliva
1327 4520 1453 4629 lupae.
