3750 5528
797 814 850 892 49

800 1017 844 1092 L.

333 1200 543 1293 Hesterno,
579 1199 719 1292 Licini,
752 1197 814 1276 die
845 1197 958 1276 otiosi

334 1362 517 1442 Multum
547 1361 711 1441 lusimus
744 1363 784 1440 in
821 1363 919 1440 meis
950 1359 1114 1454 tabellis,

334 1526 390 1604 Vt
420 1545 655 1612 convenerat
684 1553 764 1604 esse
794 1524 991 1605 delicatos.

338 1689 515 1769 Scribens
538 1690 746 1769 versiculos
777 1707 942 1797 uterque
973 1707 1150 1768 nostrum

335 1852 517 1932 Ludebat
545 1881 712 1932 numero
742 1853 863 1933 modo
889 1851 968 1931 hoc
999 1853 1122 1932 modo
1158 1852 1263 1947 illoc,

337 2017 521 2096 Reddens
556 2035 697 2096 mutua
729 2045 798 2126 per
827 2018 962 2096 iocum
994 2036 1111 2125 atque
1140 2020 1290 2098 vinum.

335 2182 469 2288 Atque
498 2180 610 2260 illinc
640 2179 717 2259 abii
748 2200 818 2260 tuo
849 2179 982 2289 lepore

336 2344 536 2444 Incensus,
569 2345 710 2447 Licini,
740 2342 982 2453 facetiisque,

338 2507 395 2586 Vt
424 2534 499 2586 nec
529 2535 594 2586 me
624 2507 816 2585 miserum
846 2506 954 2586 cibus
985 2509 1148 2603 iuvaret,

337 2669 426 2749 Nec
454 2698 615 2750 somnus
645 2689 794 2777 tegeret
823 2673 956 2779 quiete
985 2670 1143 2767 ocellos,

340 2834 415 2913 Sed
447 2853 530 2914 toto
562 2834 778 2915 indomitus
808 2832 941 2914 furore
969 2836 1072 2916 lecto

340 3000 521 3078 Versarer
549 3000 709 3108 cupiens
740 2999 869 3078 videre
898 3000 1043 3095 lucem,

339 3164 396 3243 Vt
427 3183 560 3243 tecum
591 3165 785 3272 loquerer,
815 3165 1014 3272 simulque
1045 3184 1088 3244 ut
1119 3192 1255 3247 essem.

339 3328 395 3406 At
427 3325 574 3406 defessa
606 3326 739 3407 labore
774 3326 954 3406 membra
984 3347 1193 3436 postquam

345 3493 609 3572 Semimortua
638 3492 784 3572 lectulo
814 3492 1005 3588 iacebant,

344 3660 451 3751 Hoc,
486 3656 670 3751 iucunde,
706 3656 779 3735 tibi
805 3684 948 3765 poema
982 3655 1071 3751 feci,

342 3823 403 3899 Ex
433 3849 513 3929 quo
542 3823 774 3930 perspiceres
803 3847 940 3899 meum
969 3820 1159 3900 dolorem.

342 3984 385 4063 N
389 4013 465 4064 unc
494 3986 620 4064 audax
649 4013 741 4064 cave
770 3986 832 4078 sis,
862 4012 1071 4094 precesque
1101 4004 1262 4080 nostras,

346 4134 530 4225 Oramus,
561 4159 654 4210 cave
688 4131 865 4239 despuas,
902 4131 1038 4225 ocelle,

346 4293 410 4372 Ne
439 4322 583 4403 poenas
614 4294 797 4373 Nemesis
828 4313 1004 4403 reposcat
1034 4322 1056 4371 a
1084 4313 1134 4374 te.

347 4460 416 4537 Est
446 4484 604 4537 vemens
634 4457 733 4537 dea:
764 4457 918 4536 laedere
948 4455 1051 4537 hanc
1085 4477 1233 4539 caveto

1249 4649 1273 4700 E
