3750 5460
997 869 1048 949 88

312 1107 379 1171 240
412 1084 569 1167 Thesea
599 1115 673 1166 ceu
703 1086 836 1196 pulsae
868 1104 1081 1167 ventorum
1112 1085 1271 1167 flamine
1305 1088 1428 1170 nubes

412 1251 579 1330 Aerium
611 1251 716 1330 nivei
749 1251 895 1330 montis
919 1251 1068 1359 liquere
1097 1279 1302 1332 cacumen.

410 1418 467 1494 At
498 1433 618 1525 pater,
652 1433 697 1494 ut
726 1442 883 1494 summa
915 1434 1168 1524 prospectum
1199 1444 1250 1495 ex
1281 1444 1367 1496 arce
1386 1418 1558 1527 petebat,

412 1581 543 1659 Anxia
575 1581 616 1657 in
650 1578 819 1658 assiduos
850 1578 1056 1659 absumens
1088 1579 1242 1659 lumina
1274 1578 1400 1676 fletus,

412 1746 520 1823 Cum
554 1745 731 1853 primum
765 1742 889 1822 inflati
918 1746 1122 1853 conspexit
1151 1743 1271 1823 lintea
1299 1744 1390 1839 veli,

309 1927 370 1994 245
410 1910 677 2017 Praecipitem
706 1936 787 1987 sese
817 1907 1074 2017 scopulorum
1104 1936 1125 1986 e
1156 1909 1302 1987 vertice
1331 1908 1438 2004 iecit,

410 2073 617 2151 Amissum
647 2070 809 2151 credens
829 2072 964 2151 inmiti
992 2068 1150 2151 Thesea
1183 2069 1280 2151 fato.

412 2237 475 2314 Sic
504 2234 660 2315 funesta
689 2236 830 2315 domus
861 2237 1058 2342 ingressus
1089 2253 1192 2314 tecta
1220 2253 1384 2344 paterna

410 2400 546 2478 Morte
576 2397 689 2478 ferox
717 2397 897 2479 Theseus
930 2398 1091 2506 qualem
1122 2398 1300 2477 Minoidi
1329 2398 1488 2479 luctum

411 2562 626 2643 Obtulerat
655 2582 790 2642 mente
820 2563 1033 2641 inmemori
1063 2561 1184 2686 talem
1214 2563 1297 2671 ipse
1326 2564 1488 2672 recepit.

307 2744 372 2810 250
409 2727 522 2832 Quae
552 2746 640 2807 tum
669 2745 921 2837 prospectans
952 2726 1162 2805 cedentem
1193 2744 1343 2805 maesta
1371 2726 1546 2806 carinam

409 2890 657 2999 Multiplices
688 2893 821 2969 animo
853 2889 1034 2969 volvebat
1062 2890 1194 2969 saucia
1222 2917 1346 2969 curas.

406 3055 463 3132 At
491 3072 601 3164 parte
631 3083 681 3133 ex
711 3055 786 3133 alia
815 3052 958 3133 florens
992 3052 1179 3133 volitabat
1209 3049 1376 3131 Iacchus

410 3219 519 3297 Cum
549 3214 676 3297 thiaso
708 3220 937 3326 Satyrorum
967 3236 1006 3296 et
1035 3216 1248 3325 Nysigenis
1281 3216 1434 3312 Silenis,

407 3382 468 3459 Te
499 3410 703 3488 quaerens,
733 3380 920 3475 Ariadna,
951 3400 1102 3488 tuoque
1132 3382 1313 3460 incensus
1345 3407 1492 3461 amore.

309 3559 369 3627 255
411 3545 493 3650 Qui
542 3564 630 3624 tum
680 3545 821 3625 alacres
870 3546 1014 3654 passim
1063 3541 1271 3654 lymphata
1325 3563 1460 3624 mente
1511 3542 1620 3627 fure-

523 3707 619 3787 bant

410 3866 551 3949 Euhoe
581 3868 829 3967 bacchantes,
860 3872 988 3953 euhoe
1019 3875 1148 3983 capita
1176 3872 1436 3956 inflectentes.

411 4037 574 4114 Horum
603 4064 690 4145 pars
721 4056 824 4116 tecta
853 4037 1083 4145 quatiebant
1112 4038 1271 4147 cuspide
1303 4034 1469 4147 thyrsos,

412 4201 503 4279 Pars
534 4227 555 4277 e
584 4200 735 4280 divolso
764 4203 960 4282 iactabant
990 4202 1172 4282 membra
1200 4204 1383 4294 iuvenco,

411 4364 503 4442 Pars
533 4392 614 4443 sese
645 4367 754 4444 tortis
784 4366 1030 4475 serpentibus
1062 4365 1334 4473 incingebant,

311 4530 375 4596 260
412 4527 504 4606 Pars
534 4526 698 4608 obscura
727 4530 830 4609 cavis
860 4529 1113 4610 celebrabant
1142 4531 1253 4638 orgia
1281 4530 1399 4624 cistis,
