3750 5460
909 891 958 996 85

331 1114 534 1193 Indomito
564 1139 637 1190 nec
670 1110 754 1189 dira
782 1107 909 1188 ferens
940 1110 1133 1218 stipendia
1165 1130 1277 1193 tauro

333 1276 509 1356 Perfidus
547 1277 589 1354 in
625 1277 745 1353 Creta
776 1273 973 1380 religasset
1004 1274 1135 1352 navita
1167 1273 1321 1371 funem,
1586 1296 1645 1366 175

334 1444 376 1520 N
380 1468 425 1519 ec
456 1439 582 1519 malus
614 1435 680 1517 hic
711 1437 838 1516 celans
871 1436 977 1515 dulci
1007 1437 1179 1517 crudelia
1208 1437 1338 1519 forma

337 1605 512 1684 Consilia
538 1606 578 1683 in
611 1604 749 1682 nostris
782 1603 995 1711 requiesset
1024 1601 1179 1682 sedibus
1210 1601 1377 1714 hospes!

337 1772 448 1848 Nam
468 1734 548 1875 quo
569 1796 634 1846 me
655 1766 852 1845 referam?
886 1765 993 1874 quali
1023 1786 1090 1874 spe
1122 1766 1274 1876 perdita
1300 1769 1436 1847 nitor?

338 1934 525 2013 Idaeosne
557 1950 691 2040 petam
721 1934 910 2009 montes?
941 1959 963 2009 a
993 1932 1149 2038 gurgite
1178 1931 1258 2010 lato

339 2099 578 2176 Discernens
612 2096 725 2205 ponti
760 2059 1029 2172 truculentum
1061 2093 1129 2172 ubi
1160 2095 1299 2174 dividit
1318 2100 1494 2202 aequor?
1571 2097 1633 2161 180

337 2263 403 2340 An
437 2263 555 2369 patris
583 2260 777 2337 auxilium
808 2256 998 2365 sperem?
1029 2285 1201 2365 quemne
1233 2260 1316 2368 ipsa
1342 2260 1496 2368 reliqui,

339 2427 578 2534 Respersum
606 2425 792 2502 iuvenem
820 2420 989 2501 fraterna
1019 2421 1136 2501 caede
1166 2427 1327 2503 secuta?

341 2588 534 2694 Coniugis
565 2615 614 2664 an
644 2585 726 2665 fido
757 2585 935 2664 consoler
964 2606 1114 2664 memet
1145 2615 1293 2682 amore,

344 2753 476 2857 Quinc
509 2749 614 2858 fugit
648 2750 774 2829 lentos
799 2752 1004 2830 incurvans
1037 2753 1193 2859 gurgite
1221 2757 1384 2832 remos?

345 2918 549 2995 Praeterea
575 2914 685 2994 nullo
714 2915 822 3009 litus,
851 2915 934 2993 sola
962 2915 1100 3009 insula,
1131 2933 1247 3018 tecto,

346 3080 436 3158 Nec
466 3097 574 3189 patet
606 3105 779 3184 egressus
814 3078 944 3187 pelagi
977 3079 1226 3186 cingentibus
1259 3081 1403 3160 undis:

346 3243 472 3323 Nulla
502 3241 619 3349 fugae
653 3243 763 3337 ratio,
797 3241 906 3320 nulla
935 3270 1053 3352 spes:
1085 3245 1220 3322 omnia
1253 3263 1377 3340 muta,

349 3409 500 3487 Omnia
529 3426 620 3486 sunt
656 3408 817 3501 deserta,
852 3426 1049 3487 ostentant
1079 3411 1215 3489 omnia
1244 3409 1382 3490 letum.

347 3572 444 3651 Non
475 3591 606 3651 tamen
637 3591 725 3650 ante
757 3568 858 3650 mihi
887 3571 1142 3679 languescent
1174 3573 1327 3654 lumina
1345 3593 1488 3671 morte,

349 3739 391 3815 N
395 3765 440 3816 ec
467 3739 573 3846 prius
606 3765 628 3815 a
657 3734 758 3815 fesso
788 3735 970 3815 secedent
1003 3764 1166 3847 corpore
1197 3766 1343 3834 sensus,
1576 3769 1638 3834 190

350 3901 485 4007 Quam
516 3903 659 3981 iustam
691 3929 713 3980 a
746 3900 843 3980 divis
877 3929 1088 4011 exposcam
1116 3901 1271 4011 prodita
1300 3902 1482 3997 multam,

350 4067 654 4175 Caelestumque
687 4065 808 4145 fidem
839 4084 1037 4175 postrema
1064 4093 1277 4175 conprecer
1303 4063 1413 4147 hora.

352 4231 485 4337 Quare
516 4228 619 4310 facta
650 4231 779 4310 virum
811 4230 1021 4309 multantes
1048 4229 1202 4309 vindice
1236 4258 1375 4339 poena,

351 4395 602 4490 Eumenides,
631 4394 773 4503 quibus
805 4395 978 4502 anguino
1012 4394 1192 4475 redimita
1218 4393 1361 4503 capillo

352 4561 475 4639 Frons
503 4560 715 4669 expirantis
747 4578 968 4668 praeportat
1001 4559 1168 4667 pectoris
1199 4559 1284 4651 iras,
