3750 5528
895 803 971 884 129

852 1081 1008 1162 XCVI.

328 1263 367 1341 Si
396 1262 614 1369 quicquam
644 1260 765 1339 mutis
796 1278 956 1366 gratum
987 1279 1246 1369 acceptumve
1276 1261 1464 1372 sepulcris

385 1424 578 1503 Accidere
609 1452 631 1502 a
660 1442 808 1516 nostr0‚
840 1423 977 1517 Calve,
1009 1424 1145 1504 dolore
1174 1445 1316 1533 potest,

332 1589 425 1694 Quo
455 1590 646 1669 desiderio
676 1606 822 1667 veteres
853 1616 1088 1669 renovamus
1119 1618 1270 1670 amores

389 1757 524 1863 Atque
556 1758 666 1834 Orco
696 1756 829 1834 missas
861 1755 1000 1834 flemus
1030 1756 1235 1855 amicitias,

335 1922 453 1999 Certe
482 1948 564 1998 non
596 1941 705 1998 tanto
735 1947 842 1998 mors
873 1920 1072 1998 inmatura
1101 1919 1232 1998 dolori
1263 1939 1320 1999 est

393 2084 624 2189 Quintiliae,
654 2104 852 2192 quantum
883 2085 1031 2192 gaudet
1061 2113 1195 2164 amore
1226 2104 1309 2164 tuo,

858 2455 1034 2536 XCVll.

341 2632 451 2727 Non,
494 2634 549 2711 ita
578 2661 644 2711 me
675 2634 716 2711 di
746 2652 894 2727 ament,
927 2635 1144 2741 quicquam
1174 2630 1320 2712 referre
1349 2634 1499 2742 putavi,

393 2799 592 2875 Vtrumne
622 2824 664 2875 os
697 2825 745 2875 an
775 2797 915 2875 culum
946 2794 1161 2876 olfacerem
1191 2798 1381 2878 Aemilio,

341 2959 439 3040 Nilo
470 2963 657 3040 mundius
687 2959 778 3057 hoc,
809 2963 971 3069 niloque
996 2962 1245 3042 immundius
1271 2962 1383 3058 illud,

397 3129 550 3206 Verum
581 3128 702 3206 etiam
731 3127 843 3207 culus
874 3127 1061 3206 mundior
1090 3146 1129 3206 et
1159 3128 1325 3206 melior:

345 3292 455 3371 Nam
484 3292 567 3370 sine
597 3290 782 3370 dentibus
813 3309 895 3370 est:
931 3291 1068 3370 dentes
1099 3318 1141 3369 os
1171 3291 1465 3399 sesquipedalis,

401 3455 596 3560 Gingivas
631 3481 725 3531 vero
754 3453 918 3562 ploxeni
948 3450 1070 3531 habet
1100 3453 1254 3546 veteris,

346 3621 549 3697 Praeterea
578 3618 723 3696 rictum
753 3617 912 3724 qualem
941 3617 1108 3696 diffissus
1138 3616 1178 3695 in
1209 3633 1315 3695 aestu

404 3783 593 3861 Meientis
623 3782 756 3860 mulae
786 3808 939 3860 cunnus
970 3779 1117 3859 habere
1146 3779 1259 3861 solet.

349 3949 431 4026 Hic
460 3946 584 4025 futuit
614 3947 755 4026 multas
786 3964 825 4025 et
853 3974 893 4024 se
923 3944 1019 4024 facit
1047 3973 1128 4024 esse
1159 3964 1384 4040 venustum,

404 4113 456 4190 Et
485 4139 566 4190 non
597 4111 768 4218 pistrino
802 4109 971 4189 traditur
1003 4127 1120 4217 atque
1151 4110 1293 4188 asino?

352 4294 486 4399 Quem
516 4295 629 4401 siqua
659 4293 832 4401 attingit,
863 4320 944 4370 non
977 4292 1088 4370 illam
1117 4318 1230 4399 posse
1259 4309 1446 4400 putemus

408 4459 573 4563 Aegroti
604 4457 742 4536 culum
772 4457 922 4563 lingere
951 4454 1175 4535 carnificis?

1362 4647 1389 4698 K
