3750 5460
10 21 376 324 -

834 876 886 984 87

252 1098 419 1177 Reddite
450 1097 490 1175 in
521 1115 698 1173 extrema
726 1121 852 1202 nuper
881 1090 983 1171 mihi
1012 1093 1090 1172 fine
1119 1114 1309 1190 senectae,

253 1259 585 1368 Quandoquidem
615 1256 774 1337 fortuna
805 1285 894 1337 mea
926 1286 971 1336 ac
1000 1277 1067 1338 tua
1096 1256 1245 1338 fervida
1274 1261 1396 1339 virtus

255 1427 382 1535 Eripit
411 1425 535 1503 invito
565 1419 667 1502 mihi
697 1442 749 1515 te,
784 1423 849 1501 cui
877 1421 1065 1528 languida
1094 1423 1274 1503 nondum
1502 1450 1567 1498 220

256 1591 429 1669 Lumina
457 1607 548 1667 sunt
578 1588 686 1693 gnati
713 1613 800 1665 cara
829 1605 996 1665 saturata
1025 1585 1180 1694 figura:

256 1755 352 1834 Non
382 1779 458 1858 ego
484 1730 526 1830 'te
556 1750 729 1857 gaudens
759 1750 919 1830 laetanti
948 1769 1105 1860 pectore
1126 1752 1297 1846 mittam,

256 1919 346 1998 Nec
375 1937 413 1996 te
443 1915 544 1995 ferre
573 1917 700 1994 sinam
728 1912 909 1993 fortunae
939 1915 1050 2021 signa
1078 1915 1284 2010 secundae,

259 2082 333 2161 Sed
362 2083 538 2190 primum
569 2078 710 2158 multas
741 2106 973 2187 expromam
1003 2098 1136 2158 mente
1166 2079 1355 2192 querelas,

259 2246 459 2323 Canitiem
490 2261 589 2321 terra
618 2262 734 2349 atque
763 2239 894 2320 infuso
923 2242 1082 2349 pulvere
1111 2239 1284 2337 foedans,
1511 2262 1572 2330 225

257 2408 355 2487 Inde
385 2405 527 2486 infecta
556 2433 656 2512 vago
685 2405 919 2513 suspendam
948 2405 1069 2483 lintea
1098 2405 1218 2501 malo,

257 2571 424 2651 Nostros
456 2589 500 2649 ut
528 2569 656 2648 luctus
686 2587 915 2675 nostraeque
946 2568 1125 2648 incendia
1163 2573 1304 2651 mentis

260 2733 451 2814 Carbasus
480 2732 684 2812 obscurata
710 2732 814 2811 dicet
844 2730 1043 2838 ferrugine
1076 2733 1239 2815 Hibera.

264 2898 383 3003 Quod
413 2896 487 2976 tibi
516 2898 549 2975 si
579 2896 702 2974 sancti
735 2897 970 2975 concesserit
1000 2897 1131 2976 incola
1163 2900 1282 2994 Itoni,

264 3063 375 3168 Quae
410 3082 589 3140 nostrum
622 3087 745 3166 genus
781 3088 826 3138 ac
859 3062 965 3140 sedes
1002 3060 1209 3141 defendere
1243 3060 1457 3142 Erechthei
1512 3081 1577 3148 230

260 3227 429 3319 Annuit,
459 3243 504 3304 ut
535 3225 635 3304 tauri
668 3252 863 3333 respergas
894 3226 1085 3331 sanguine
1117 3226 1309 3321 dextram,

263 3391 374 3469 Tum
406 3419 497 3469 vero
528 3387 647 3468 facito
682 3406 726 3468 ut
758 3390 926 3468 memori
957 3388 1029 3467 tibi
1063 3390 1222 3469 condita
1247 3393 1363 3471 corde

265 3556 380 3633 Haec
415 3555 573 3661 vigeant
607 3552 803 3647 mandata,
836 3580 909 3632 nec
941 3552 1022 3632 ulla
1054 3552 1253 3633 oblitteret
1286 3573 1400 3650 aetas,

267 3722 323 3796 Vt
356 3717 474 3797 simul
507 3745 552 3795 ac
583 3737 733 3795 nostros
763 3717 933 3795 invisent
964 3716 1117 3796 lumina
1136 3717 1269 3813 colles,

267 3883 481 3961 Funestam
501 3899 692 3960 antennae
718 3880 921 3989 deponant
954 3880 1129 3988 undique
1158 3900 1320 3976 vestem,
1517 3897 1577 3964 235

270 4046 525 4153 Candidaque
552 4045 689 4124 intorti
719 4043 923 4123 sustollant
947 4044 1033 4123 vela
1058 4043 1252 4139 rudentes,

272 4211 406 4315 Quam
439 4210 615 4319 primum
647 4235 807 4287 cernens
836 4226 880 4287 ut
910 4208 1011 4287 laeta
1043 4208 1184 4314 gaudia
1215 4227 1348 4288 mente

184 4402 185 4406 ¹
271 4376 513 4481 Agnoscam,
545 4400 639 4452 cum
674 4391 712 4451 te
746 4372 931 4451 reducem
963 4389 1063 4450 aetas
1095 4399 1279 4481 prospera
1311 4373 1443 4453 sistet.’

273 4539 387 4616 Haec
419 4536 602 4616 mandata
636 4537 741 4648 prius
774 4535 967 4613 constanti
1001 4553 1134 4613 mente
1154 4553 1354 4616 tenentem
