3750 5460
955 867 1033 920 110

387 1058 582 1164 Coniugis
614 1076 704 1136 ante
733 1076 870 1137 coacta
898 1058 993 1138 novi
1026 1057 1228 1138 dimittere
1262 1058 1429 1155 collum,

444 1220 578 1325 Quam
608 1222 767 1300 veniens
799 1249 879 1301 una
908 1240 1025 1329 atque
1055 1220 1177 1301 altera
1205 1249 1337 1302 rursus
1365 1218 1524 1330 hiemps

384 1383 582 1464 Noctibus
611 1384 653 1463 in
682 1384 811 1491 longis
844 1385 1005 1465 avidum
1030 1403 1237 1466 saturasset
1264 1412 1456 1481 amorem,

442 1550 576 1628 Posset
606 1568 649 1628 ut
679 1548 846 1658 abrupto
876 1549 1006 1629 vivere
1037 1550 1240 1657 coniugi0,

284 1732 323 1813 85
387 1711 507 1816 Quod
536 1712 689 1791 scibant
719 1713 863 1791 Parcae
898 1740 979 1791 non
1010 1711 1136 1820 longo
1168 1731 1348 1822 tempore
1377 1710 1525 1807 abesse,

440 1877 480 1956 Si
510 1877 622 1955 miles
654 1904 789 1955 muros
819 1876 911 1955 isset
941 1875 988 1955 ad
1020 1876 1190 1956 Iliacos:

381 2040 492 2120 Nam
522 2061 609 2121 tum
640 2042 824 2120 Helenae
853 2060 969 2151 raptu
998 2043 1191 2151 primores
1221 2044 1470 2150 Argivorum

439 2207 636 2316 Coeperat
665 2206 713 2285 ad
742 2233 826 2284 sese
855 2205 979 2285 Troia
1008 2206 1112 2285 ciere
1143 2207 1259 2302 viros,

380 2371 515 2466 Troia,
556 2368 678 2464 nefas,
709 2396 926 2448 commune
969 2369 1198 2479 sepulcrum
1231 2369 1349 2449 Asiae
1391 2371 1600 2480 Europae-

497 2560 589 2638 que,

280 2715 324 2776 90
437 2693 558 2770 Troia
587 2692 718 2769 virum
748 2709 787 2769 et
817 2692 1011 2771 virtutum
1041 2694 1227 2772 omnium
1258 2692 1398 2774 acerba
1426 2695 1541 2791 ciniS,

383 2854 574 2961 Quaeque
604 2853 744 2932 itidem
774 2872 907 2933 nostro
936 2854 1065 2934 letum
1096 2854 1319 2936 miserabile
1352 2854 1467 2937 fratri

437 3018 597 3098 Attulit.
630 3018 678 3095 Ei
708 3018 851 3095 misero
880 3014 1001 3097 frater
1029 3018 1211 3128 adempte
1240 3016 1356 3114 mihi,

383 3184 432 3261 Ei
461 3184 606 3262 misero
634 3179 745 3260 fratri
771 3182 992 3260 iucundum
1027 3182 1164 3262 lumen
1196 3183 1445 3293 ademptum,

436 3350 595 3428 Tecum
624 3376 703 3427 una
732 3366 814 3426 tota
842 3366 900 3427 est
929 3368 1062 3428 nostra
1088 3347 1241 3458 sepulta
1268 3349 1425 3445 domus,

279 3527 319 3596 95
382 3514 532 3594 Omnia
560 3534 697 3594 tecum
727 3541 806 3591 una
834 3513 1037 3622 perierunt
1067 3512 1212 3619 gaudia
1242 3529 1387 3607 nostra,

440 3680 553 3785 Quae
582 3698 671 3759 tuus
702 3680 743 3758 in
775 3679 854 3759 vita
883 3678 1008 3757 dulcis
1039 3677 1169 3757 alebat
1203 3705 1327 3760 amor.
1435 3675 1440 3685 ’

383 3845 518 3952 Quem
562 3874 668 3924 nunc
712 3863 794 3924 tam
835 3844 957 3951 longe
1007 3871 1088 3922 non
1139 3845 1242 3923 inter
1291 3861 1386 3923 nota
1432 3842 1567 3953 sepul-

492 4038 557 4090 cra

436 4175 525 4254 Nec
555 4203 678 4283 prope
708 4194 898 4282 cognatos
929 4174 1188 4282 conpositum
1220 4173 1388 4267 cineres,

379 4340 455 4420 Sed
483 4341 606 4419 Troia
634 4340 817 4436 obscena,
847 4340 972 4419 Troia
1002 4337 1162 4418 infelice
1191 4342 1392 4449 sepultum

280 4522 342 4572 100
437 4506 604 4586 Detinet
634 4525 815 4586 extremo
846 4526 948 4586 terra
971 4505 1103 4585 -aliena
1131 4505 1229 4585 solo.
