3750 5460
917 828 991 909 108

352 1052 472 1156 Quod
491 1080 587 1130 cum
607 1052 662 1131 ita
681 1052 746 1147 sit,
767 1050 896 1130 nolim
916 1068 1060 1129 statuas
1081 1076 1152 1129 nos
1172 1068 1308 1130 mente
1327 1049 1510 1157 maligna

407 1215 455 1293 Id
484 1213 612 1295 facere
647 1234 714 1294 aut
748 1216 883 1294 animo
915 1242 995 1294 non
1027 1216 1118 1295 satis
1150 1216 1339 1323 ingenuo,

353 1381 475 1485 Quod
510 1380 582 1460 tibi
617 1408 697 1459 non
729 1380 933 1488 utriusque
963 1380 1116 1489 petenti
1147 1382 1261 1490 copia
1293 1398 1408 1490 posta
1439 1397 1531 1459 est:

249 1582 293 1644 40
406 1544 522 1623 Vltro
553 1572 629 1651 ego
662 1542 872 1639 deferrem,
908 1546 1023 1653 copia
1053 1546 1168 1654 siqua
1194 1543 1311 1625 foret.

351 1710 449 1788 Non
484 1736 647 1817 possum
679 1710 855 1804 reticere,
890 1708 997 1803 deae,
1022 1738 1101 1818 qua
1132 1738 1198 1789 me
1228 1708 1360 1789 Allius
1390 1709 1433 1787 in
1466 1736 1510 1787 re

409 1874 557 1951 luverit
592 1891 659 1952 aut
691 1873 847 1980 quantis
879 1873 1024 1952 iuverit
1058 1874 1209 1968 officiis,

351 2038 417 2115 Ne
446 2036 602 2144 fugiens
634 2037 768 2117 saeclis
801 2036 1123 2116 obliviscentibus
1159 2057 1260 2118 aetas

408 2201 520 2280 Illius
554 2199 633 2280 hoc
664 2230 781 2281 caeca
815 2220 931 2281 nocte
965 2220 1071 2308 tegat
1100 2202 1305 2299 studium3

249 2408 290 2475 45
351 2366 427 2446 Sed
458 2366 587 2445 dicam
618 2365 742 2459 vobis,
778 2394 845 2445 vos
879 2394 997 2475 porro
1032 2365 1150 2445 dicite
1185 2366 1320 2447 multis

408 2530 578 2609 Milibus
612 2548 652 2608 et
680 2527 798 2608 facite
826 2526 926 2608 haec
958 2526 1092 2608 charta
1123 2528 1310 2637 loquatur
1340 2556 1451 2624 anus,

355 2696 409 2773 Vt
433 2694 541 2795 sama
572 2693 634 2772 ille
664 2690 755 2771 bona
789 2695 962 2771 Cumaeos
992 2693 1104 2773 vivat
1137 2692 1177 2772 in
1207 2721 1335 2790 annos,

410 2859 681 2966 Notescatque
715 2859 842 2964 magis
875 2876 1056 2936 mortuus
1092 2875 1209 2965 atque
1240 2859 1380 2965 magis,

352 3024 442 3104 Nec
478 3043 641 3102 tenuem
673 3042 808 3101 texens
840 3021 1020 3101 sublimis
1057 3050 1195 3101 aranea
1228 3021 1348 3101 telam

253 3228 294 3292 50
411 3191 457 3268 ln
490 3189 644 3267 deserto
674 3187 757 3265 Alli
788 3188 951 3266 nomine
981 3215 1079 3296 opus
1112 3184 1244 3266 faciat.

353 3355 475 3451 Nam,
508 3350 609 3431 mihi
629 3381 751 3461 quam
778 3352 928 3431 dederit
959 3351 1110 3460 duplex
1143 3348 1381 3432 Amathusia
1412 3380 1566 3449 curam,

409 3518 535 3611 Scitis,
567 3536 606 3595 et
637 3517 677 3595 in
708 3544 789 3624 quo
820 3543 885 3593 me
917 3517 1109 3595 corruerit
1141 3542 1299 3621 genere,

354 3684 463 3761 Cum
495 3699 652 3759 tantum
687 3680 864 3758 arderem
899 3698 1095 3788 quantum
1129 3681 1337 3760 Trinacria
1371 3708 1485 3791 rupes

410 3841 678 3952 Lymphaque
709 3845 750 3921 in
785 3845 945 3923 Oetaeis
977 3844 1106 3923 Malia
1135 3843 1433 3955 Thermopylis,

254 4046 291 4113 55
353 4011 510 4088 Maesta
542 4035 671 4117 neque
704 4008 858 4088 assiduo
889 4008 1085 4088 tabescere
1119 4009 1274 4089 lumina
1304 4008 1399 4090 fletu

411 4176 618 4253 Cessarent
651 4174 831 4283 tristique
866 4174 994 4253 imbre
1025 4176 1185 4255 madere
1219 4204 1357 4283 genae.

355 4337 492 4444 Qualis
526 4338 567 4415 in
600 4338 694 4416 aerii
728 4337 935 4447 perlucens
968 4340 1112 4419 vertice
1131 4340 1280 4419 montis

412 4504 535 4582 Rivus
567 4530 749 4581 muscoso
783 4504 934 4612 prosilit
968 4532 989 4581 e
1019 4505 1161 4614 lapide,
