3750 5460
197 322 206 336 ἢ

906 910 953 988 91

331 1108 413 1213 Qui
441 1126 653 1215 postquam
682 1104 804 1182 niveis
835 1099 1029 1180 flexerunt
1062 1098 1219 1180 sedibus
1250 1121 1369 1196 artus,

330 1276 456 1377 Large
488 1265 700 1376 multiplici
729 1285 975 1346 constructae
1005 1283 1097 1343 sunt
1125 1264 1224 1373 dape
1254 1293 1425 1360 mensae,
1555 1290 1615 1359 305

331 1436 441 1512 Cum
471 1435 618 1511 interea
646 1429 806 1518 infirmo
835 1431 1054 1537 quatientes
1084 1457 1251 1538 corpora
1281 1449 1395 1508 motu

330 1597 532 1675 Veridicos
564 1597 707 1674 Parcae
737 1613 952 1703 coeperunt
981 1594 1095 1672 edere
1125 1613 1275 1673 cantus.

333 1763 410 1840 His
441 1788 582 1869 corpus
615 1758 836 1837 tremulum
865 1757 1119 1867 conplectens
1151 1758 1328 1864 undique
1357 1757 1472 1835 vestis

335 1925 516 2004 Candida
545 1952 740 2033 purpurea
771 1923 868 2003 talos
898 1923 1119 2001 incinxerat
1149 1950 1230 2016 ora,

335 2091 391 2167 At
421 2116 550 2168 roseae
581 2089 696 2166 niveo
727 2086 948 2166 residebant
977 2088 1123 2165 vertice
1150 2088 1283 2179 vittae,

332 2255 635 2361 Aeternumque
665 2279 805 2330 manus
835 2251 1050 2361 carpebant
1079 2253 1151 2330 rite
1180 2250 1371 2331 laborem.

336 2419 464 2495 Laeva
493 2414 629 2494 colum
659 2415 773 2494 molli
801 2415 891 2494 lana
920 2414 1112 2493 retinebat
1143 2415 1352 2508 amictum,

336 2582 511 2659 Dextera
539 2599 627 2658 tum
655 2579 793 2657 leviter
821 2579 1017 2658 deducens
1047 2577 1113 2658 fila
1141 2579 1289 2687 supinis

337 2745 370 2820 F
373 2742 553 2822 ormabat
583 2743 729 2848 digitis,
762 2763 849 2821 tum
878 2771 1007 2852 prono
1036 2744 1076 2821 in
1106 2743 1250 2851 pollice
1280 2761 1468 2851 torquens

338 2907 548 2985 Libratum
578 2908 693 2984 tereti
722 2906 897 2985 versabat
927 2905 1087 2985 turbine
1115 2904 1266 2997 fusum,
1583 2928 1643 2996 315

337 3074 471 3177 Atque
501 3071 555 3147 ita
583 3071 794 3178 decerpens
826 3070 1018 3179 aequabat
1046 3097 1202 3178 semper
1232 3098 1331 3179 opus
1361 3069 1470 3161 dens,

339 3233 550 3340 Laneaque
580 3234 737 3313 aridulis
767 3232 983 3314 haerebant
1012 3261 1143 3313 morsa
1170 3233 1335 3329 labellis,

342 3397 454 3501 Quae
484 3399 591 3505 prius
621 3398 662 3474 in
692 3397 771 3476 levi
799 3397 956 3477 fuerant
985 3398 1159 3477 extantia
1187 3397 1281 3478 filo:

339 3562 445 3639 Ante
474 3561 591 3670 pedes
623 3580 758 3640 autem
789 3561 991 3642 candentis
1022 3561 1160 3641 mollia
1188 3562 1299 3642 lanae

342 3723 499 3803 Vellera
528 3727 667 3833 virgati
697 3726 945 3807 custodibant
972 3724 1186 3806 calathisci.

344 3890 458 3967 Haec
488 3906 575 3967 tum
604 3891 794 3971 clarisona
822 3893 1020 4001 pavientes
1050 3890 1193 3969 vellera
1222 3919 1318 3969 voce

343 4051 459 4130 Talia
489 4052 623 4131 divino
651 4020 842 4134 fuderunt
871 4056 1047 4134 carmine
1076 4052 1169 4148 fata,

346 4216 550 4310 Carmine,
580 4217 767 4326 perfidiae
798 4220 906 4329 quod
935 4238 1025 4328 post
1054 4218 1163 4298 nulla
1192 4238 1331 4325 arguet
1360 4238 1475 4299 aetas.

347 4532 385 4609 O
418 4531 535 4612 decus
565 4534 762 4615 eximium
791 4538 946 4643 magnis
976 4538 1186 4619 virtutibus
1222 4567 1381 4647 augens,
