3750 5460
836 812 886 892 95

306 1004 421 1082 Talia
449 1001 665 1112 praefantes
696 1001 898 1109 quondam
927 997 1058 1077 felicia
1091 999 1176 1077 Peli

254 1167 444 1245 Carmina
472 1166 605 1246 divino
635 1167 812 1244 cecinere
838 1194 859 1243 e
889 1183 1047 1273 pectore
1080 1165 1238 1243 Parcae.

253 1332 478 1408 Praesentes
510 1357 683 1437 namque
714 1346 803 1406 ante
833 1327 974 1407 domos
1003 1328 1170 1405 invisere
1201 1344 1320 1405 castas
1507 1363 1567 1440 335

256 1495 442 1572 Heroum
472 1510 512 1570 et
540 1520 624 1571 sese
654 1492 812 1571 mortali
842 1491 1047 1570 ostendere
1078 1509 1193 1569 coetu

256 1657 478 1736 Caelicolae
508 1657 690 1736 nondum
719 1675 851 1765 spreta
874 1658 1020 1765 pietate
1050 1654 1241 1735 solebant.

256 1821 376 1927 Saepe
406 1837 516 1927 pater
543 1819 680 1897 divom
711 1820 865 1927 templo
885 1820 926 1897 in
956 1819 1151 1924 lulgente,
1182 1837 1378 1896 revertens

259 1982 407 2059 Annua
435 2009 530 2059 cum
559 1979 664 2059 festis
696 1982 892 2060 venissent
919 2009 1026 2059 sacra
1055 1979 1206 2075 diebus,

262 2146 481 2253 Conspexit
511 2163 611 2223 terra
640 2164 803 2224 centum
832 2143 1093 2252 procumbere
1126 2162 1268 2223 tauros.
1511 2194 1575 2258 390

262 2312 382 2418 Saepe
412 2337 532 2417 vagus
563 2309 684 2388 Liber
714 2310 873 2388 Parnasi
903 2310 1046 2387 vertice
1076 2335 1237 2386 summo

262 2471 448 2582 Thyadas
480 2473 611 2552 effusis
642 2471 832 2552 euhantes
862 2471 1033 2552 crinibus
1064 2475 1159 2580 egit,

263 2640 372 2717 Cum
405 2635 558 2746 Delphi
591 2656 673 2716 tota
703 2639 883 2716 certatim
913 2665 963 2715 ex
993 2636 1089 2716 urbe
1120 2656 1273 2716 ruentes

263 2805 504 2911 Acciperent
532 2801 625 2880 laeti
653 2802 789 2881 divom
817 2800 1063 2880 fumantibus
1095 2803 1180 2883 aris.

265 2969 386 3075 Saepe
416 2969 457 3045 in
487 2964 642 3045 letifero
672 2965 766 3044 belli
796 2968 1013 3045 certamine
1044 2967 1206 3045 Mavors

265 3132 350 3209 Aut
380 3130 505 3238 rapidi
533 3131 713 3208 Tritonis
743 3159 808 3208 era
837 3149 904 3209 aut
935 3128 1182 3211 Rhamnusia
1212 3133 1323 3238 virgo

266 3296 448 3373 Armatas
478 3291 693 3372 hominum
723 3313 781 3373 est
809 3322 988 3402 praesens
1019 3292 1175 3374 hortata
1203 3315 1388 3376 catervas.

269 3461 345 3540 Sed
373 3478 585 3568 postquam
616 3458 731 3537 tellus
760 3459 904 3537 scelere
934 3478 992 3538 est
1020 3458 1175 3539 imbuta
1203 3458 1387 3556 nefando,

270 3625 547 3733 Iustitiamque
579 3651 718 3702 omnes
750 3623 894 3732 cupida
922 3624 970 3703 de
1000 3643 1135 3703 mente
1163 3622 1368 3731 fugarunt,

272 3783 483 3864 Perfudere
513 3814 652 3866 manus
682 3786 856 3866 fraterno
885 3791 1076 3896 sanguine
1104 3787 1254 3885 fratres,
1494 3823 1561 3888 400

273 3951 437 4028 Destitit
465 3951 659 4029 extinctos
690 3970 801 4031 natus
831 3952 966 4060 lugere
995 3973 1189 4062 parentes,

274 4115 439 4221 Optavit
469 4114 624 4220 genitor
654 4116 846 4222 primaevi
875 4114 1015 4196 funera
1043 4120 1138 4214 nati,

274 4269 395 4348 Liber
424 4287 468 4347 ut
496 4271 685 4378 innuptae
714 4289 915 4378 poteretur
944 4271 1039 4352 flore
1068 4302 1272 4370 novercae,

274 4435 418 4541 lgnaro
449 4453 573 4514 mater
600 4433 848 4516 substernens
878 4464 919 4516 se
948 4438 1057 4546 inpia
1085 4456 1178 4519 nato
