3750 5528
1024 787 1076 866 80

388 1079 428 1159 65
447 1042 544 1120 Non
578 1058 761 1120 contecta
789 1039 866 1119 levi
895 1038 1087 1117 laniatum
1117 1056 1253 1147 pectus
1283 1037 1445 1131 amictu,

447 1206 544 1285 Non
576 1205 687 1284 tereti
716 1200 894 1313 strophio
923 1202 1099 1282 lactentis
1131 1203 1262 1284 vincta
1289 1201 1464 1312 papillas,

447 1368 599 1448 Omnia
627 1396 728 1476 quae
758 1386 844 1447 toto
873 1367 1079 1476 delapsae
1108 1393 1273 1475 corpore
1302 1365 1446 1475 passim

444 1533 569 1642 Ipsius
599 1550 687 1611 ante
715 1532 832 1641 pedes
861 1529 1000 1609 fluctus
1030 1529 1116 1609 salis
1147 1527 1397 1608 adludebant.

446 1697 519 1775 Sed
549 1722 677 1802 neque
707 1713 794 1774 tum
823 1695 961 1773 mitrae
992 1721 1120 1801 neque
1150 1712 1239 1772 tum
1269 1691 1457 1773 fluitantis
1492 1693 1658 1773 amictus

387 1919 431 1987 70
446 1860 519 1939 Illa
548 1862 677 1940 vicem
707 1887 844 1939 curans
875 1877 959 1938 toto
989 1888 1039 1938 ex
1069 1876 1107 1937 te
1136 1878 1310 1968 pectore,
1339 1855 1515 1952 Theseu,

445 2029 554 2105 Toto
585 2026 732 2117 animo,
764 2042 847 2103 tota
875 2021 1073 2132 pendebat
1101 2021 1254 2131 perdita
1283 2039 1428 2102 mente.

443 2192 481 2269 A
512 2191 665 2284 misera,
695 2188 861 2268 adsiduis
892 2215 1013 2295 quam
1042 2186 1214 2266 luctibus
1244 2189 1464 2266 externavit

447 2355 625 2462 Spinosas
657 2353 826 2461 Erycina
853 2380 981 2431 serens
1011 2352 1051 2430 in
1081 2370 1240 2461 pectore
1269 2377 1378 2430 curas

446 2517 520 2597 Illa
548 2535 790 2625 tempestate,
819 2514 933 2595 ferox
962 2543 1042 2623 quo
1071 2544 1121 2594 ex
1160 2534 1337 2623 tempore
1366 2511 1543 2593 Theseus

389 2698 428 2768 75
446 2683 629 2788 Egressus
659 2682 785 2760 curvis
816 2708 837 2758 e
866 2679 1044 2759 litoribus
1076 2680 1202 2760 Piraei

445 2846 591 2952 Attigit
619 2844 753 2922 iniusti
783 2845 884 2949 regis
917 2845 1112 2951 Gortynia
1142 2862 1255 2923 tecta.

359 3049 368 3061 ·
447 3009 557 3087 Nam
586 3005 795 3118 perhibent
825 3007 923 3085 olim
952 3007 1102 3086 crudeli
1130 3026 1239 3116 peste
1268 3027 1446 3088 coactam

444 3173 755 3278 Androgeoneae
785 3199 928 3280 poenas
958 3171 1159 3250 exsolvere
1190 3171 1318 3251 caedis

446 3338 600 3416 Electos
631 3338 787 3415 iuvenes
815 3335 934 3415 simul
963 3354 1003 3415 et
1031 3335 1148 3414 decus
1178 3337 1433 3445 innuptarum

390 3526 433 3589 80
447 3502 682 3610 Cecropiam
710 3500 865 3579 solitam
894 3528 974 3579 esse
1004 3499 1144 3609 dapem
1175 3500 1264 3579 dare
1295 3501 1541 3582 Minotauro

448 3665 547 3771 Quis
577 3683 741 3772 angusta
770 3663 881 3742 malis
911 3692 1004 3742 cum
1034 3664 1192 3743 moenia
1221 3683 1464 3759 vexarentur,

447 3830 534 3938 Ipse
564 3856 682 3907 suum
711 3824 888 3907 Theseus
918 3856 989 3936 pro
1018 3829 1114 3907 caris
1145 3856 1284 3937 corpus
1315 3826 1482 3908 Athenis

446 3990 625 4067 Proicere
655 3990 804 4095 optavit
834 3989 1112 4096 potiusquam
1142 3988 1232 4067 talia
1264 3988 1426 4067 Cretam

448 4153 603 4231 Funera
633 4152 847 4260 Cecropiae
877 4179 951 4230 nec
979 4150 1117 4231 funera
1144 4170 1404 4261 portarentur,

392 4336 431 4413 85
448 4317 580 4423 Atque
608 4315 662 4393 ita
690 4341 786 4393 nave
815 4312 891 4392 levi
921 4314 1046 4393 nitens
1076 4342 1120 4393 ac
1149 4314 1301 4395 lenibus
1333 4316 1432 4396 auris

449 4477 759 4585 Magnanimum
789 4477 836 4556 ad
866 4477 1009 4557 Minoa
1038 4479 1146 4558 venit
1172 4479 1358 4586 sedesque
1386 4479 1582 4588 superbas.
