3750 5460
809 1402 941 1480 XVII.

272 1615 310 1692 Ο
349 1613 531 1709 Colonia,
571 1641 672 1721 quae
706 1613 816 1720 cupis
839 1630 971 1720 ‚ponte
1005 1612 1138 1692 ludere
1173 1614 1309 1721 long0,

272 1780 323 1857 Et
356 1778 468 1857 salire
498 1795 679 1887 paratum
713 1773 846 1872 habes,
877 1776 944 1855 sed
977 1777 1117 1856 vereris
1149 1778 1282 1886 inepta

272 1944 400 2021 Crura
433 1940 634 2050 ponticuli
658 1940 783 2020 axulis
817 1940 951 2019 stantis
987 1940 1027 2019 in
1062 1941 1254 2035 redivivis,

272 2105 338 2185 Ne
365 2107 528 2214 supinus
562 2123 623 2184 eat
657 2132 829 2212 cavaque
862 2105 903 2182 in
935 2104 1078 2213 palude
1111 2104 1338 2198 recumbat;

270 2269 332 2349 Sic
368 2269 439 2348 tibi
474 2269 600 2348 bonus
637 2297 687 2347 ex
721 2287 789 2347 tua
822 2295 920 2376 pons
953 2266 1115 2346 libidine
1146 2267 1226 2361 fiat,
1498 2301 1513 2368 5

273 2433 320 2512 In
356 2460 437 2540 quo
472 2432 533 2512 vel
569 2430 801 2513 Salisubsilis
832 2459 939 2510 sacra
969 2432 1254 2539 suscipiantur:

271 2596 426 2676 Munus
465 2594 544 2676 hoc
576 2593 678 2674 mihi
710 2596 876 2673 maximi
910 2596 971 2689 da,
1005 2595 1186 2689 Colonia,
1220 2595 1328 2675 risus.

275 2759 487 2865 Quendam
520 2761 767 2868 municipem
803 2786 939 2837 meum
971 2759 1019 2838 de
1052 2777 1121 2839 tuo
1153 2759 1245 2839 volo
1276 2778 1397 2868 ponte

271 2925 335 3003 Ire
365 2925 621 3034 praecipitem
652 2924 694 3002 in
726 2923 857 3003 lutum
888 2951 958 3031 per
988 2943 1185 3032 caputque
1216 2925 1423 3033 pedesque,

269 3089 421 3166 Verum
457 3088 575 3167 totius
607 3105 651 3167 ut
684 3086 790 3166 lacus
825 3087 1061 3196 putidaeque
1091 3086 1243 3196 paludis
1499 3116 1538 3163 ιο

269 3254 519 3333 Lividissima
549 3253 803 3360 maximeque
834 3270 891 3331 est
922 3251 1118 3361 profunda
1149 3279 1310 3359 vorago,

269 3416 552 3496 Insulsissimus
588 3434 646 3496 est
679 3413 818 3510 hom0‚
854 3443 928 3496 nec
962 3417 1063 3525 sapit
1095 3418 1208 3525 pueri
1248 3417 1367 3495 instar

269 3581 419 3660 Bimuli
454 3580 622 3659 tremula
654 3581 772 3689 patris
809 3581 1037 3660 dormientis
1072 3581 1113 3659 in
1146 3581 1251 3662 ulna.

269 3746 349 3824 Cui
378 3772 472 3824 cum
506 3744 555 3823 sit
590 3745 824 3824 viridissimo
859 3764 982 3853 nupta
1013 3743 1108 3824 flore
1139 3745 1283 3854 puella,

267 3909 318 3987 Et
350 3908 482 4017 puella
517 3908 706 3987 tenellulo
740 3909 943 3989 delicatior
974 3907 1115 4005 haedo,

265 4073 518 4153 Adservanda
546 4074 769 4180 nigerrimis
804 4075 1032 4182 diligentius
1069 4076 1166 4169 uvis,

267 4237 423 4316 Ludere
453 4233 556 4315 hanc
590 4238 683 4315 sinit
716 4255 761 4316 ut
793 4236 918 4339 lubet,
951 4266 1025 4318 nec
1058 4237 1129 4346 pili
1163 4235 1258 4317 facit
1289 4238 1371 4331 uni,

266 4400 356 4479 Nec
387 4426 427 4478 se
458 4398 636 4478 sublevat
666 4427 716 4478 ex
747 4428 817 4479 sua
850 4421 972 4510 parte,
1005 4403 1074 4482 sed
1108 4402 1217 4481 velut
1251 4402 1361 4482 alnus

268 4565 314 4643 ln
335 4560 437 4641 fossa
469 4562 609 4669 Liguri
643 4564 744 4643 iacet
774 4585 1007 4674 suppernata
1036 4568 1175 4660 securi,
