1156 1692
289 928 309 940 10

288 1130 306 1148 ¹5

285 1334 307 1346 20

613 401 638 428 38
754 419 759 428 x

570 489 677 509 XXXVII.

347 544 404 563 Salax
419 543 499 563 taberna
515 550 588 570 vosque
602 543 759 568 contubernales,

346 585 365 604 A
380 585 455 612 pileatis
470 591 522 604 nona
536 584 627 604 fratribus
642 584 688 611 pila,

346 626 395 646 Solis
409 626 481 653 putatis
495 632 536 646 esse
551 625 648 646 mentulas
664 625 725 650 vobis,

346 666 394 687 Solis
409 666 474 690 licere,
490 667 587 694 quidquid
602 671 631 687 est
645 666 764 694 puellarum,

346 707 468 728 Confutuere
484 712 503 728 et
518 712 586 735 putare
600 713 674 728 ceteros
690 707 769 728 hircos?

345 753 385 776 An,
400 753 524 773 continenter
538 753 592 780 quod
606 753 675 773 sedetis
691 753 760 774 insulsi

346 794 434 814 Centum
449 801 473 814 an
488 794 575 817 ducenti,
590 801 631 814 non
646 794 718 821 putatis
733 801 827 814 ausurum

345 835 382 855 Me
398 842 436 855 una
451 835 545 855 ducentos
560 835 655 855 irrumare
670 836 769 855 sessores?

345 877 407 903 Atqui
422 881 498 903 putate:
514 883 599 903 namque
614 876 674 896 totius
690 876 744 896 vobis

344 917 439 937 Frontem
455 917 544 937 tabernae
560 917 673 945 ropionibus
688 917 779 938 scribam.

344 958 412 978 Puella
427 965 473 978 nam
488 959 523 982 mi,
538 965 589 985 quae
603 965 650 979 meo
664 959 708 978 sinu
723 957 782 985 fugit,

342 999 415 1019 Amata
431 1003 508 1019 tantum
523 1004 621 1026 quantum
635 998 733 1019 amabitur
747 998 807 1022 nulla¹

344 1040 383 1060 Pro
398 1047 437 1067 qua
451 1039 502 1060 mihi
516 1045 562 1060 sunt
576 1047 649 1067 magna
663 1040 715 1060 bella
729 1044 824 1067 pugnata,

344 1081 439 1101 Consedit
453 1081 502 1101 istie.
518 1081 577 1101 Hanc
592 1081 640 1101 boni
654 1081 746 1108 beatique

343 1122 420 1142 Omnes
435 1122 511 1146 amatis,
525 1127 545 1142 et
559 1122 648 1149 quidem,
662 1122 716 1149 quod
731 1121 837 1149 indignum
851 1126 887 1146 est,

343 1163 419 1183 Omnes
434 1162 500 1190 pusilli
515 1167 535 1183 et
549 1163 642 1183 semitarii
657 1157 748 1186 moechi;

342 1204 375 1223 Tu
390 1208 466 1231 praeter
480 1211 549 1224 omnes
564 1211 603 1224 une
617 1204 642 1224 de
656 1204 758 1231 capillatis,

343 1244 475 1264 Cuniculosae
491 1244 610 1264 Celtiberiae
625 1244 653 1264 fili

343 1285 421 1312 Egnati,
437 1292 498 1313 opaca
512 1292 572 1313 quem
588 1285 665 1306 bonum
679 1285 726 1305 facit
741 1285 801 1305 barba

342 1326 368 1346 Et
383 1326 430 1346 dens
448 1326 525 1346 Hibera
538 1326 642 1347 defricatus
658 1326 718 1346 urina.
