3750 5528
888 1696 1081 1774 LXVIII.

380 1931 502 2037 Quod
535 1926 636 2007 mihi
669 1927 830 2011 fortuna
863 1956 1033 2037 casuque
1065 1957 1269 2037 oppressus
1297 1928 1436 2010 acerbo

437 2095 720 2202 Conscriptum
752 2090 831 2171 hoc
864 2093 1033 2172 lacrimis
1065 2094 1190 2173 mittis
1224 2095 1465 2203 epistolium,

380 2257 636 2364 Naufragum
672 2275 716 2336 ut
749 2258 921 2336 eiectum
952 2257 1229 2365 spumantibus
1264 2258 1442 2366 aequoris
1475 2256 1590 2337 undis

436 2424 646 2505 Sublevem
681 2442 720 2502 et
752 2451 774 2501 a
807 2424 944 2501 mortis
979 2423 1118 2501 limine
1146 2425 1361 2519 restituam,

280 2611 295 2678 5
380 2592 514 2697 Quem
545 2616 673 2696 neque
707 2605 841 2665 sancta
873 2586 1005 2665 Venus
1038 2585 1152 2664 molli
1179 2586 1418 2694 requiescere
1448 2614 1590 2666 somno

436 2756 651 2833 Desertum
681 2752 722 2829 in
752 2750 857 2829 lecto
887 2748 1037 2828 caelibe
1066 2750 1304 2857 perpetitur,

377 2920 467 2998 Nec
498 2936 679 2998 veterum
708 2914 815 2992 dulci
844 2914 1084 3021 scriptorum
1112 2914 1289 2992 carmine
1319 2913 1465 2993 Musae

437 3081 665 3174 Oblectant,
695 3107 790 3158 cum
820 3105 931 3156 mens
962 3079 1079 3157 anxia
1107 3078 1330 3187 pervigilat,

379 3249 425 3327 Id
456 3266 615 3354 gratum
656 3262 715 3323 est
744 3240 859 3336 mihi,
890 3270 957 3321 me
1000 3243 1191 3352 quoniam
1232 3241 1305 3323 tibi
1346 3244 1442 3324 dicis
1486 3246 1588 3325 ami-

489 3440 599 3505 cum,

281 3602 320 3649 10
434 3580 686 3683 Muneraque
716 3591 756 3652 et
785 3574 998 3652 Musarum
1027 3570 1123 3652 hinc
1151 3575 1252 3682 petis
1280 3594 1322 3654 et
1352 3576 1542 3659 Veneris:

379 3742 453 3823 Sed
484 3741 557 3821 tibi
586 3768 635 3819 ne
665 3766 755 3817 mea
783 3739 861 3816 sint
889 3738 1027 3843 ignota
1056 3736 1326 3838 incommoda,
1360 3739 1490 3833 Mani,

435 3907 529 3986 Neu
559 3932 624 3983 me
653 3903 778 3983 odisse
807 3919 921 4010 putes
949 3898 1117 4008 hospitis
1147 3902 1339 3996 officium,

376 4073 540 4180 Accipe,
570 4070 656 4178 quis
687 4095 835 4147 merser
862 4063 1045 4144 fortunae
1074 4063 1259 4145 fluctibus
1288 4067 1384 4175 ipse,

434 4239 501 4317 Ne
532 4235 701 4344 amplius
732 4261 754 4312 a
782 4233 926 4312 misero
956 4231 1060 4310 dona
1088 4229 1203 4310 beata
1229 4248 1354 4338 petas.

279 4422 316 4489 15
376 4406 579 4511 Tempore
609 4426 689 4506 quo
717 4398 896 4506 primum
925 4395 1040 4474 vestis
1070 4391 1172 4473 mihi
1202 4392 1344 4474 tradita
1371 4423 1469 4505 pura
1497 4416 1569 4490 est,

433 4563 662 4645 Iucundum
691 4589 786 4641 cum
815 4577 917 4640 aetas
948 4557 1085 4639 florida
1115 4587 1183 4638 ver
1211 4577 1357 4666 ageret,
