3750 5528
904 768 960 854 77

859 1106 1010 1187 LXIV.

328 1325 486 1406 Peliaco
514 1321 718 1431 quondam
747 1338 961 1429 prognatae
992 1320 1137 1399 vertice
1166 1320 1281 1429 pinus

329 1491 531 1568 Dicuntur
559 1484 726 1593 liquidas
756 1485 939 1594 Neptuni
969 1511 1077 1563 nasse
1106 1511 1176 1593 per
1204 1484 1326 1563 undas

331 1650 518 1732 Phasidos
549 1649 597 1729 ad
625 1647 766 1728 fluctus
796 1666 836 1728 et
871 1648 968 1727 fines
996 1649 1201 1741 Aeetaeos,

330 1815 439 1894 Cum
467 1814 560 1894 lecti
589 1814 761 1907 iuvenes,
790 1813 961 1920 Argivae
991 1811 1132 1892 robora
1159 1813 1288 1922 pubis,

330 1978 524 2057 Auratam
553 1993 730 2085 optantes
764 1974 926 2056 Colchis
957 1995 1127 2056 avertere
1156 1977 1304 2086 pellem
1555 1985 1571 2054 5

329 2139 430 2218 Ausi
459 2157 551 2218 sunt
580 2139 678 2218 vada
706 2137 803 2218 salsa
832 2138 909 2217 cita
938 2137 1141 2218 decurrere
1170 2141 1308 2249 puppi,

331 2301 499 2381 Caerula
532 2319 726 2381 verrentes
757 2298 930 2408 abiegnis
960 2329 1128 2409 aequora
1154 2300 1308 2410 palmis.

332 2466 437 2545 Diva
466 2464 608 2574 quibus
639 2467 808 2545 retinens
839 2466 878 2544 in
909 2467 1075 2545 summis
1104 2466 1265 2546 urbibus
1296 2494 1400 2546 arces

330 2631 420 2739 Ipsa
448 2630 526 2709 levi
555 2627 649 2709 fecit
679 2628 911 2709 volifantem
940 2627 1099 2709 flamine
1129 2657 1304 2724 currum,

333 2794 454 2872 Pinea
484 2793 729 2901 coniungens
760 2791 924 2873 inflexae
940 2812 1047 2874 texta
1079 2795 1243 2874 carinae.

333 2955 408 3035 Illa
436 2956 577 3035 rudem
605 2984 722 3036 cursu
749 2958 878 3066 prima
906 2957 1053 3036 imbuit
1081 2955 1369 3067 Amphitriten,

334 3120 447 3225 Quae
475 3121 641 3201 simulac
672 3140 799 3201 rostro
830 3140 1038 3201 ventosum
1066 3121 1254 3232 proscidit
1282 3148 1439 3228 aequor,

332 3284 537 3390 Tortaque
568 3285 736 3392 remigio
764 3285 914 3394 spumis
943 3285 1145 3364 incanduit
1175 3283 1292 3379 unda,

335 3447 537 3525 Emersere
565 3445 639 3526 feri
672 3447 856 3528 candenti
885 3477 907 3527 e
937 3449 1095 3556 gurgite
1125 3448 1268 3543 voltus,

335 3608 566 3715 Aequoreae
595 3627 821 3689 monstrum
853 3609 1044 3689 Nereides
1072 3609 1319 3692 admirantes.
1563 3636 1599 3705 15

337 3771 412 3850 Illa
440 3772 513 3852 alia
542 3772 671 3852 videre
700 3801 774 3852 nec
803 3772 884 3852 ulla
911 3774 1000 3852 luce
1030 3773 1197 3852 marinas

337 3933 528 4014 Mortales
555 3936 662 4015 oculi
691 3936 838 4016 nudato
866 3963 1029 4046 corpore
1060 3933 1270 4045 Nymphas

339 4096 558 4177 Nutricum
588 4117 700 4178 tenus
730 4118 904 4179 extantes
935 4129 957 4179 e
984 4099 1140 4207 gurgite
1168 4127 1280 4179 cane.

337 4259 449 4338 Tum
477 4257 658 4342 Thetidis
692 4261 827 4342 Peleus
856 4263 1035 4343 incensus
1064 4261 1189 4343 fertur
1216 4290 1363 4359 amore,

337 4423 449 4502 Tum
467 4421 608 4504 Thetis
638 4422 833 4507 humanos
863 4455 942 4507 non
972 4426 1148 4536 despexit
1170 4422 1422 4535 hymenaeos,
1561 4464 1603 4512 20
