3750 5528
811 824 858 907 71

196 1039 198 1044 ’
232 1017 319 1094 lam
349 1013 427 1092 iam
457 1014 654 1120 contingit
684 1040 893 1092 summum
934 1011 1064 1090 radice
1103 1010 1332 1119 flagellum;

236 1178 354 1256 Hanc
383 1176 483 1256 nulli
512 1177 717 1283 agricolae,
746 1175 847 1256 nulli
875 1175 1076 1256 accoluere
1111 1175 1297 1257 bubulci:

244 1341 299 1418 At
328 1339 359 1418 si
388 1336 490 1417 forte
519 1338 657 1418 eadem
687 1357 744 1418 est
773 1338 884 1417 ulmo
913 1339 1125 1419 coniuncta
1154 1340 1309 1433 marito,
1459 1403 1462 1410 ,
1470 1360 1508 1430 55

242 1502 370 1581 Multi
400 1501 509 1581 illam
539 1501 747 1609 agricolae,
777 1500 896 1581 multi
924 1502 1126 1583 accoluere
1156 1501 1345 1582 bubulci:

243 1667 305 1745 Sic
334 1668 446 1774 virgo
475 1665 573 1745 dum
602 1668 747 1746 intacta
775 1684 922 1762 manet,
953 1666 1050 1746 dum
1081 1667 1229 1747 inculta
1261 1667 1449 1760 senescit;

243 1831 352 1910 Cum
383 1858 452 1939 par
482 1831 703 1911 conubium
733 1849 889 1910 maturo
919 1848 1101 1940 tempore
1131 1831 1273 1940 adepta
1300 1849 1373 1925 est,

245 1997 350 2075 Cara
380 1997 463 2075 viro
492 1996 617 2103 magis
648 2015 687 2075 et
715 1997 846 2075 minus
878 2013 935 2074 est
965 1995 1090 2074 invisa
1118 1997 1284 2104 parenti.

302 2157 445 2262 Hymen
473 2185 492 2235 o
521 2159 741 2263 Hymenaee,
771 2157 915 2261 Hymen
943 2153 1031 2235 ades
1059 2187 1078 2236 o
1107 2159 1345 2267 Hymenaee!
1473 2178 1519 2244 60

249 2432 300 2508 Et
329 2449 372 2509 tu
402 2460 452 2510 ne
481 2460 617 2542 pugna
645 2461 740 2512 cum
770 2435 838 2514 tali
867 2439 1039 2546 coniuge
1069 2440 1193 2548 virgo

250 2594 346 2673 Non
376 2623 548 2703 aequum
577 2616 635 2678 est
662 2625 851 2706 pugnare,
881 2620 992 2711 pater
1020 2605 1086 2683 cui
1115 2606 1274 2686 tradidit
1302 2607 1397 2715 ipse,

252 2759 339 2866 lpse
368 2778 477 2866 pater
506 2788 601 2839 cum
630 2780 768 2858 matre,
798 2766 941 2871 quibus
971 2794 1104 2876 parere
1133 2797 1288 2851 necesse
1317 2790 1387 2852 est.

252 2922 466 3028 Virginitas
496 2951 575 3002 non
606 2943 689 3004 tota
718 2944 884 3024 tuaest,
914 2958 964 3010 ex
993 2951 1103 3041 parte
1131 2954 1342 3043 parentum
1371 2953 1442 3030 est,

251 3085 386 3164 Tertia
414 3112 500 3194 pars
529 3089 646 3195 patris
677 3108 747 3185 est,
776 3118 862 3200 pars
892 3113 949 3174 est
979 3095 1069 3176 data
1098 3099 1211 3178 tertia
1239 3100 1368 3194 matri,
1477 3135 1518 3218 ⁶5

253 3249 388 3329 Tertia
416 3250 497 3329 sola
527 3269 710 3333 tuaest:
741 3254 823 3333 noli
852 3283 1030 3365 pugnare
1060 3259 1227 3358 duobus,

256 3412 336 3519 Qui
367 3440 513 3520 genero
540 3443 610 3495 sua
638 3417 722 3497 iura
750 3419 868 3499 simul
898 3449 993 3502 cum
1022 3424 1115 3504 dote
1143 3425 1348 3508 dederunt.

313 3577 480 3684 Hymen
505 3606 530 3657 o
554 3580 803 3689 Hymenaee,
833 3585 1000 3694 Hymen
1025 3589 1114 3670 ades
1139 3618 1165 3670 o
1192 3590 1450 3700 Hymenaeel
