3750 5528
901 744 975 824 113

333 936 408 1016 Sed
428 935 574 1015 furtiva
605 935 712 1014 dedit
744 936 845 1013 mira
876 932 1113 1013 munuscula
1143 952 1273 1029 nocte,

393 1100 522 1210 Ipsius
555 1128 605 1179 ex
636 1100 721 1209 ipso
755 1098 918 1208 dempta
949 1099 1022 1177 viri
1042 1100 1208 1204 gremio.

329 1263 461 1368 Quare
490 1261 589 1341 illud
618 1263 708 1341 satis
738 1279 809 1355 est,
840 1261 872 1340 si
902 1259 1016 1340 nobis
1046 1261 1078 1340 is
1109 1261 1225 1341 datur
1255 1263 1356 1357 unis,

389 1427 523 1534 Quem
551 1427 681 1536 lapide
710 1426 778 1505 illa
805 1424 913 1505 diem
942 1424 1165 1504 candidiore
1194 1444 1317 1505 notat.

337 1591 433 1669 Hoc
467 1589 538 1670 tibi
568 1589 676 1698 quod
704 1590 818 1698 potui
847 1587 1077 1667 confectum
1106 1590 1280 1668 carmine
1310 1617 1455 1669 munus

397 1754 475 1832 Pro
506 1753 654 1847 multis,
688 1752 780 1847 Alli,
811 1752 986 1831 redditur
1014 1753 1167 1848 officiiS,

339 1916 406 1996 Ne
437 1935 609 1997 vestrum
639 1915 773 1996 scabra
802 1934 938 2023 tangat
968 1915 1148 2023 rubigine
1177 1944 1323 1996 nomen

398 2082 512 2159 Haec
541 2100 658 2189 atque
688 2079 757 2159 illa
785 2081 866 2159 dies
899 2100 1017 2189 atque
1045 2079 1119 2159 alia
1148 2100 1264 2190 atque
1294 2081 1382 2162 alia.

343 2244 440 2322 Huc
470 2243 613 2322 addent
642 2242 723 2322 divi
754 2243 1089 2352 quamplurima,
1120 2273 1220 2353 quae
1248 2243 1416 2326 Themis
1455 2247 1554 2327 olim

399 2406 587 2513 Antiquis
621 2404 736 2484 solita
764 2424 823 2484 est
852 2433 1017 2485 munera
1043 2404 1145 2486 ferre
1172 2409 1278 2517 piis:

344 2571 432 2650 Sitis
461 2567 593 2647 felices
624 2587 663 2648 et
693 2587 739 2648 tu
768 2569 889 2648 simul
921 2588 961 2649 et
990 2589 1058 2650 tua
1087 2572 1166 2652 vita

403 2733 454 2810 Et
484 2730 625 2809 domus
655 2731 738 2839 ipsa
765 2732 806 2808 in
836 2759 915 2839 qua
943 2730 1108 2811 lusimus
1139 2752 1179 2812 et
1206 2733 1381 2831 domina,

347 2897 399 2973 Et
427 2894 497 3001 qui
526 2893 720 3002 principio
750 2891 862 2973 nobis
892 2921 991 3001 quae
1022 2894 1180 2974 tradidit
1208 2894 1349 2992 aufert,

405 3058 443 3136 A
473 3083 554 3165 quo
583 3076 675 3137 sunt
703 3058 834 3166 primo
863 3058 921 3136 mi
950 3059 1086 3138 omnia
1114 3078 1205 3139 nata
1232 3058 1349 3157 bona,

352 3224 403 3302 Et
431 3220 551 3327 longe
580 3239 670 3300 ante
700 3248 838 3301 omnes
869 3219 973 3300 mihi
1003 3250 1103 3330 quae
1132 3252 1198 3303 me
1227 3225 1352 3304 carior
1372 3226 1458 3334 ipso
1486 3244 1556 3322 est,

410 3386 502 3462 Lux
532 3410 633 3479 mea,
665 3412 743 3493 qua
772 3385 864 3463 viva
893 3388 1022 3465 vivere
1054 3387 1169 3467 dulce
1199 3385 1301 3468 mihi
1330 3407 1399 3469 est.
