3750 5460
989 838 1042 914 24

942 1072 1076 1149 XXII.

403 1267 581 1347 Suffenus
611 1269 695 1362 iste,
724 1268 839 1360 Vare,
869 1293 989 1373 quem
1020 1264 1143 1373 probe
1172 1266 1287 1359 nosti,

402 1429 543 1509 Homo
572 1447 629 1507 est
660 1446 842 1507 venustus
872 1446 911 1506 et
941 1426 1053 1505 dicax
1083 1444 1122 1505 et
1152 1426 1337 1520 urbanus,

402 1578 592 1694 Idemque
622 1577 740 1684 longe
769 1576 959 1686 plurimos
990 1573 1084 1654 facit
1115 1603 1258 1656 versus.

401 1736 505 1814 Puto
535 1762 615 1813 esse
644 1761 720 1839 ego
749 1732 806 1811 illi
837 1731 946 1811 milia
975 1751 1042 1810 aut
1071 1731 1210 1811 decem
1239 1749 1307 1810 aut
1335 1731 1450 1841 plura

367 1898 628 2004 5Perscripta,
660 1923 733 1975 nec
761 1896 816 1974 sic
846 1912 890 1973 ut
921 1894 968 1973 fit
997 1895 1036 1972 in
1068 1894 1336 2002 palimpsestos

402 2059 564 2141 Relata:
596 2057 752 2138 chartae
782 2060 925 2166 regiae,
956 2060 1051 2138 novi
1079 2058 1184 2152 libri,

402 2225 512 2304 Novi
542 2224 735 2318 umbilici,
764 2224 848 2303 lora
875 2224 1005 2318 rubra,
1036 2224 1303 2318 membranae,

401 2389 571 2467 Derecta
598 2388 768 2497 plumbo
798 2407 836 2467 et
865 2389 1024 2497 pumice
1054 2391 1189 2467 omnia
1218 2406 1393 2496 aequata.

401 2553 514 2631 Haec
543 2580 638 2632 cum
667 2553 772 2659 legas
803 2572 860 2643 tu,
890 2552 1014 2632 bellus
1046 2552 1111 2632 ille
1141 2573 1181 2632 et
1212 2551 1383 2633 urbanus

348 2745 387 2792 10
401 2715 581 2796 Suffenus
613 2745 711 2796 unus
741 2717 1008 2827 caprimulgus
1040 2737 1107 2796 aut
1135 2716 1259 2797 fossor

403 2883 551 2960 Rursus
582 2882 760 2962 videtur:
792 2900 946 2961 tantum
977 2879 1160 2960 abhorret
1189 2908 1233 2960 ac
1263 2899 1403 2960 mutat.

403 3046 496 3124 Hoc
526 3045 621 3153 quid
650 3064 834 3152 putemus
865 3047 975 3124 esse?
1007 3046 1075 3153 qui
1105 3046 1227 3125 modo
1256 3072 1388 3124 scurra

403 3210 488 3288 Aut
518 3210 647 3317 siquid
678 3207 751 3288 hac
782 3238 822 3287 re
853 3211 988 3289 tersius
1018 3209 1233 3304 videbatur,

409 3374 522 3452 Idem
552 3370 722 3452 infaceto
752 3392 808 3452 est
837 3371 1042 3452 infacetior
1070 3401 1173 3467 rure,

352 3565 387 3631 15
405 3536 529 3617 Simul
558 3558 742 3646 poemata
771 3539 913 3643 attigit,
943 3565 1073 3646 neque
1103 3537 1211 3615 idem
1241 3565 1434 3645 umquam

406 3703 545 3808 Aeque
575 3720 632 3780 est
661 3701 794 3780 beatus
825 3730 869 3780 ac
898 3729 1041 3809 poema
1069 3728 1163 3780 cum
1193 3701 1355 3783 scribit:

405 3866 510 3943 Tam
541 3866 686 3972 gaudet
716 3867 756 3944 in
786 3894 825 3945 se
856 3883 1016 3974 tamque
1045 3894 1085 3945 se
1115 3866 1196 3974 ipse
1225 3866 1401 3945 miratur.

409 4030 618 4109 Nimirum
648 4031 755 4110 idem
785 4059 922 4110 omnes
952 4028 1141 4124 fallimur,
1162 4058 1291 4137 neque
1311 4049 1367 4110 est
1393 4030 1619 4139 quisquam,

410 4176 544 4282 Quem
574 4205 653 4257 non
684 4180 725 4257 in
756 4179 885 4286 aliqua
915 4207 956 4258 re
986 4179 1115 4258 videre
1147 4177 1354 4258 Suffenum

355 4377 398 4426 20
412 4342 551 4422 Possis.
602 4344 700 4423 Suus
729 4344 873 4451 cuique
903 4343 1109 4422 attributus
1139 4361 1197 4422 est
1225 4370 1364 4422 error:

412 4504 487 4583 Sed
516 4534 596 4586 non
626 4507 817 4600 videmus,
849 4509 1040 4588 manticae
1069 4508 1177 4615 quod
1206 4509 1246 4587 in
1277 4526 1389 4614 tergo
1418 4527 1487 4589 est.
