3750 5460
819 836 869 944 83

240 1057 374 1162 Atque
405 1051 502 1132 haec
536 1052 720 1130 extremis
753 1070 941 1130 maestam
973 1052 1112 1132 dixisse
1146 1056 1325 1163 querelis,

240 1218 463 1325 Frigidulos
495 1216 573 1296 udo
605 1215 798 1322 singultus
837 1244 903 1294 ore
930 1218 1113 1297 cientem.

298 1382 451 1460 ‘Sicine
483 1407 549 1457 me
580 1380 713 1487 patriis
749 1397 938 1473 avectam,
970 1380 1131 1488 perfide,
1164 1382 1212 1461 ab
1247 1385 1330 1477 aris,

241 1546 408 1639 Perfide‚
441 1544 593 1623 deserto
624 1544 773 1650 liquisti
805 1545 845 1622 in
879 1543 1007 1639 litore,
1041 1544 1231 1626 Theseu?

243 1711 371 1789 Sicine
403 1708 603 1788 discedens
638 1707 820 1813 neglecto
854 1709 1020 1787 numine
1051 1709 1187 1789 divom

242 1877 450 1954 Inmemor
481 1902 502 1952 a
533 1873 675 1951 devota
706 1872 874 1950 domum
901 1874 1072 1981 periuria
1101 1880 1260 1983 portas?

243 2038 418 2116 Nullane
451 2065 509 2115 res
543 2037 673 2144 potuit
704 2035 869 2114 crudelis
904 2034 1059 2116 flectere
1080 2041 1224 2119 mentis

136 2278 137 2281 ,
243 2208 496 2286 Consilium?
532 2206 604 2285 tibi
638 2205 747 2284 nulla
779 2203 856 2284 fuit
887 2206 1098 2286 clementia
1131 2227 1297 2316 praesto,

240 2373 386 2449 Inmite
419 2390 463 2450 ut
496 2372 616 2450 nostri
651 2370 767 2448 vellet
802 2371 1048 2449 miserescere
1083 2375 1247 2479 pectus?

241 2538 296 2614 At
328 2564 408 2614 non
442 2533 540 2613 haec
574 2535 775 2642 quondam
808 2533 950 2612 blanda
980 2536 1170 2642 promissa
1200 2534 1341 2615 dedisti

242 2701 352 2778 Voce
385 2696 499 2793 mihi,
531 2727 611 2777 non
646 2695 744 2777 haec
777 2699 919 2776 misera
948 2726 1102 2806 sperare
1134 2697 1307 2792 iubebas,

247 2862 322 2941 Sed
353 2861 522 2940 conubia
553 2861 665 2955 laeta,
697 2862 764 2941 sed
797 2881 949 2971 optatos
983 2859 1252 2969 hymenaeos:

245 3027 357 3131 Quae
390 3048 532 3106 cuncta
561 3028 653 3105 aerii
687 3028 911 3135 discerpunt
937 3028 1043 3106 irrita
1078 3027 1196 3106 venti.

241 3190 353 3266 Tum
385 3190 465 3267 iam
489 3188 599 3267 nulla
625 3190 708 3267 viro
735 3190 878 3267 iuranti
904 3186 1053 3267 femina
1084 3188 1229 3283 credat,

244 3348 370 3427 Nulla
402 3350 473 3427 viri
506 3368 634 3458 speret
667 3378 866 3429 sermones
901 3378 982 3429 esse
1016 3348 1172 3443 fideles3

246 3512 344 3616 Quis
377 3513 474 3591 dum
509 3513 656 3619 aliquid
690 3515 849 3623 cupiens
882 3515 1034 3593 animus
1066 3515 1274 3623 praegestit
1304 3515 1437 3623 apisci,

243 3675 314 3752 Nil
351 3694 535 3755 metuunt
569 3677 707 3771 iurare,
739 3674 839 3756 nihil
865 3679 1094 3787 promittere
1123 3695 1312 3786 parcunt:

242 3839 315 3918 Sed
347 3839 466 3918 simul
501 3868 545 3919 ac
578 3841 743 3949 cupidae
773 3844 919 3922 mentis
951 3845 1087 3922 satiata
1117 3843 1241 3922 libido
1274 3862 1343 3937 est,

245 4004 366 4081 Dicta.
399 4000 499 4081 nihil
531 4025 721 4098 metuere,
750 4002 850 4084 nihil
881 4008 1051 4115 periuria
1082 4025 1230 4086 curant.

245 4171 363 4246 Certe
398 4195 473 4273 ego
508 4185 545 4245 te
580 4169 620 4245 in
655 4169 788 4248 medio
822 4189 1040 4248 versantem
1075 4170 1232 4249 turbine
1262 4171 1332 4250 leti

246 4334 398 4440 Eripui,
433 4351 472 4410 et
506 4333 636 4440 potius
669 4360 907 4439 germanum
939 4335 1116 4414 amittere
1148 4336 1264 4431 crevi,

245 4496 378 4600 Quam
409 4495 479 4574 tibi
510 4493 638 4575 fallaci
672 4524 858 4606 supremo
892 4499 933 4577 in
969 4517 1147 4609 tempore
1178 4499 1364 4581 deessem.

1205 4691 1288 4745 Ga
