3750 5460
907 897 981 975 143

333 1093 428 1168 Cras
459 1109 566 1169 amet
596 1091 665 1198 qui
694 1116 917 1197 numquam
948 1089 1094 1167 amavit
1125 1089 1273 1195 quique
1305 1088 1451 1167 amavit
1471 1115 1552 1166 cras

390 1270 507 1330 amet.

331 1519 423 1627 Ipsa
451 1520 621 1624 gemmis
651 1536 939 1625 purpurantem
968 1518 1100 1625 pingit
1130 1544 1280 1594 annum
1311 1513 1461 1595 floridis

333 1684 424 1791 Ipsa
452 1699 654 1788 surgentes
684 1680 848 1790 papillas
879 1680 928 1759 de
960 1682 1112 1759 Favoni
1141 1683 1281 1790 spiritu

335 1849 462 1953 Vrget
491 1847 532 1924 in
562 1844 687 1924 nodos
717 1844 873 1944 feraces,
906 1847 988 1953 ipsa
1012 1846 1107 1924 roris
1133 1845 1269 1939 lucidi,
1569 1860 1606 1928 15

337 2012 479 2089 Noctis
511 2037 604 2088 aura
632 2037 755 2117 quem
785 2009 982 2116 relinquit,
1012 2011 1162 2118 spargit
1192 2011 1362 2089 umentis
1390 2036 1521 2116 aquas.

339 2175 400 2251 En
432 2175 582 2252 micant
611 2173 795 2251 lacrimae
826 2191 1037 2252 trementes
1068 2173 1116 2252 de
1147 2173 1297 2253 caduco
1325 2172 1524 2283 pondere:

337 2340 464 2417 Gutta
492 2365 676 2446 praeceps
713 2336 807 2415 orbe
838 2364 960 2446 parvo
990 2339 1155 2416 sustinet
1184 2365 1293 2416 casus
1322 2365 1423 2420 suos,

341 2502 403 2579 En
432 2501 627 2609 pudorem
657 2500 886 2580 florulentae
915 2501 1172 2610 prodiderunt
1200 2530 1419 2611 purpurae:

342 2667 472 2743 Vmor
501 2664 581 2759 ille,
611 2693 733 2772 quem
762 2667 906 2743 serenis
936 2684 1037 2745 astra
1066 2685 1196 2744 rorant
1226 2665 1420 2759 noctibus,
1567 2674 1610 2722 ²0

339 2832 463 2910 Mane
493 2831 684 2937 virgineas
714 2830 875 2939 papillas
906 2829 1022 2909 solvit
1053 2830 1207 2909 umenti
1235 2829 1366 2938 peplo.

338 2995 427 3102 Ipsa
456 2995 567 3072 iussit
597 3022 713 3073 mane
744 3014 788 3072 ut
820 2995 918 3073 udae
949 2996 1120 3101 virgines
1150 2993 1303 3072 nubant
1333 3020 1471 3072 rosae:

339 3160 459 3237 Facta
491 3160 655 3237 Veneris
685 3159 734 3237 de
764 3186 900 3237 cruore
930 3158 1059 3266 deque
1089 3159 1250 3236 Amoris
1279 3156 1421 3236 osculis

341 3324 485 3431 Deque
515 3324 685 3429 gemmis
716 3322 842 3431 deque
872 3321 1042 3401 flammis
1073 3323 1201 3430 deque
1232 3321 1323 3400 solis
1351 3320 1533 3429 purpuris

342 3487 437 3565 Cras
470 3486 669 3579 ruborem,
700 3487 770 3594 qui
800 3485 947 3565 latebat
977 3505 1082 3565 veste
1114 3505 1238 3565 tectus
1268 3485 1397 3592 ignea,
1568 3485 1607 3553 ²⁵

339 3652 466 3728 Vnico
497 3652 639 3729 marita
668 3669 761 3729 voto
791 3679 871 3728 non
901 3650 1068 3760 pudebit
1091 3650 1255 3730 solvere.

343 3815 438 3894 Cras
469 3835 574 3894 amet
595 3818 663 3924 qui
694 3843 915 3924 numquam
946 3817 1091 3895 amavit
1122 3816 1269 3923 quique
1299 3815 1443 3893 amavit
1472 3841 1554 3892 cras

399 3998 516 4059 amet.

341 4243 431 4351 Ipsa
461 4240 674 4351 Nymphas
705 4243 795 4322 diva
824 4241 917 4320 luco
946 4242 1056 4321 iussit
1085 4241 1141 4318 ire
1172 4259 1354 4349 myrteo:

341 4406 380 4484 It
409 4434 508 4514 puer
536 4433 669 4485 comes
698 4405 865 4515 puellis3
896 4432 970 4483 nec
1001 4424 1134 4483 tamen
1165 4404 1273 4483 credi
1301 4422 1430 4513 potest

342 4571 434 4648 Esse
464 4572 660 4649 Amorem
689 4567 890 4664 feriatum,
921 4569 953 4648 si
987 4569 1146 4674 sagittas
1182 4569 1344 4649 vexerit.
1571 4587 1614 4652 30
