3750 5528
400 1167 628 1274 Omniaque
658 1166 831 1271 ingratae
860 1166 1061 1273 perierunt
1089 1163 1237 1244 credita
1267 1167 1403 1245 menti.

300 1354 339 1401 ¹0
456 1337 588 1442 Quare
617 1364 687 1415 cur
716 1356 767 1430 te,
797 1364 868 1415 cur
900 1336 980 1415 iam
1010 1336 1177 1445 amplius
1208 1338 1436 1418 excrucies?

397 1502 505 1609 Quin
537 1519 580 1581 tu
610 1502 744 1580 animo
774 1500 947 1579 offirmas
977 1520 1094 1609 atque
1124 1502 1239 1580 istinc
1270 1519 1388 1608 teque
1418 1502 1571 1583 reducis

452 1667 504 1745 Et
531 1665 589 1744 dis
620 1664 749 1743 invitis
778 1662 919 1742 desinis
949 1689 1030 1741 esse
1060 1663 1209 1742 miser?

394 1830 570 1909 Difficile
600 1848 657 1909 est
685 1828 856 1936 longum
884 1828 1016 1908 subito
1048 1829 1246 1940 deponere
1274 1858 1465 1915 amorem.

450 1992 624 2072 Difficile
655 2010 723 2094 est,
755 2019 893 2070 verum
923 1989 1001 2071 hoc
1030 2020 1109 2100 qua
1137 1992 1249 2073 lubet
1277 1994 1434 2075 efficias.

293 2186 329 2255 ις
391 2160 479 2236 Vna
507 2158 608 2237 salus
638 2154 736 2235 haec
766 2175 836 2251 est,
866 2153 944 2235 hoc
973 2175 1030 2236 est
1059 2156 1130 2236 tibi
1160 2158 1496 2267 pervincendum:

448 2324 543 2401 Hoc
571 2319 702 2415 facias,
732 2322 812 2399 sive
841 2320 882 2399 id
912 2348 992 2399 non
1022 2338 1116 2430 pote
1145 2323 1226 2401 sive
1255 2341 1360 2431 pote.
1592 2328 1617 2395 Ι

392 2484 430 2564 Ο
463 2484 515 2578 di,
545 2484 578 2562 si
619 2502 797 2562 vestrum
838 2502 895 2561 est
937 2484 1126 2578 misereri,
1156 2504 1224 2564 aut
1263 2485 1296 2566 si
1325 2484 1468 2594 quibus
1509 2514 1603 2567 um-

503 2673 624 2754 quarn

447 2813 638 2889 Extremo
668 2809 747 2886 iarn
778 2809 862 2916 ipsa
891 2828 1020 2888 morte
1054 2809 1193 2890 tulistis
1222 2838 1355 2920 opem,

388 2975 464 3053 Me
493 2974 683 3052 miserum
714 2974 871 3081 aspicite
900 2991 952 3065 et,
982 2973 1014 3051 si
1043 2973 1165 3053 vitam
1195 2976 1346 3083 puriter
1373 2976 1451 3082 egi,

288 3167 331 3215 20
446 3138 594 3246 Eripite
624 3134 727 3214 hanc
756 3153 907 3245 pestem
937 3137 1234 3246 perniciemque
1264 3135 1378 3220 mihi.

388 3304 497 3395 Heu,
529 3297 629 3379 mihi
658 3327 861 3409 surrepens
891 3300 992 3379 imos
1023 3319 1068 3378 ut
1097 3319 1233 3409 torpor
1262 3304 1304 3380 in
1333 3320 1437 3383 artus

445 3463 609 3574 Expulit
639 3493 689 3542 ex
718 3464 828 3542 omni
857 3483 1016 3572 pectore
1046 3463 1222 3546 laetitias.

389 3629 486 3709 Non
516 3630 597 3707 iam
626 3628 723 3706 illud
753 3655 912 3734 quaero,
942 3648 1079 3706 contra
1108 3655 1172 3706 me
1202 3647 1246 3708 ut
1275 3628 1415 3736 diligat
1442 3629 1522 3725 illa,

446 3790 544 3883 Aut,
574 3788 683 3897 quod
713 3816 792 3867 non
823 3789 924 3897 potis
954 3806 1024 3881 est,
1055 3815 1136 3867 esse
1164 3787 1312 3897 pudica
1339 3788 1461 3869 velit:

289 3991 326 4058 25
390 3955 478 4062 Ipse
509 3952 635 4032 valere
669 3970 764 4061 opto
805 3971 845 4031 et
888 3971 1058 4031 taetrum
1099 3949 1208 4032 hunc
1247 3953 1443 4062 deponere
1484 3982 1596 4035 mor-

503 4115 613 4195 bum.

448 4278 486 4358 0
517 4279 570 4373 di,
601 4280 749 4359 reddite
780 4278 838 4358 mi
865 4274 945 4358 hoc
973 4306 1047 4388 pro
1075 4279 1221 4387 pietate
1251 4306 1352 4359 mea.
