3750 5460
890 1438 1041 1516 LXVI.

351 1666 502 1744 Omnia
532 1665 601 1774 qui
633 1663 768 1770 magni
798 1660 969 1771 dispexit
998 1661 1153 1741 lumina
1184 1660 1342 1757 mundi,

407 1829 489 1935 Qui
520 1828 725 1909 stellarum
754 1846 864 1907 ortus
896 1828 1096 1935 comperit
1123 1846 1244 1935 atque
1275 1825 1420 1921 obitus,

353 1995 581 2073 Flammeus
612 2012 655 2073 ut
682 1994 808 2102 rapidi
834 1992 923 2072 solis
954 1994 1059 2072 nitor
1086 1991 1328 2086 obscuretur,

411 2161 467 2238 Vt
494 2158 635 2238 cedant
662 2160 777 2238 certis
808 2159 934 2237 sidera
961 2155 1219 2265 temporibus,

253 2343 269 2411 5
353 2324 409 2403 Vt
440 2324 618 2403 Triviam
647 2321 788 2402 furtim
817 2322 890 2401 sub
923 2323 1089 2402 Latmia
1117 2350 1208 2401 saxa
1238 2320 1415 2428 relegans

412 2489 551 2568 Dulcis
580 2516 693 2567 amor
723 2515 822 2595 gyro
852 2487 1017 2567 devocet
1047 2489 1165 2581 aerio,

354 2654 468 2734 Idem
498 2683 563 2734 me
591 2654 657 2732 ille
690 2655 835 2732 Conon
865 2653 1021 2732 caelesti
1050 2654 1092 2731 in
1122 2651 1274 2730 lumine
1306 2651 1405 2731 vidit

411 2822 445 2898 E
477 2820 692 2898 Bereniceo
724 2819 869 2898 vertice
902 2819 1115 2898 caesariem

355 2984 596 3091 Fulgentem
628 2982 743 3076 clare,
776 3011 899 3089 quam
931 2983 1084 3061 cunctis
1116 2981 1184 3062 illa
1217 2982 1381 3060 deorum

259 3172 300 3219 10
413 3149 534 3227 Levia
560 3148 802 3254 protendens
834 3144 996 3227 brachia
1028 3146 1207 3255 pollicita
1233 3165 1303 3241 est,

357 3311 448 3417 Qua
479 3340 547 3390 rex
579 3329 812 3419 tempestate
844 3339 948 3389 novo
981 3330 1118 3390 auctus
1149 3309 1372 3419 hymenaeo

414 3479 624 3557 Vastatum
656 3477 744 3556 linis
776 3479 899 3556 iverat
932 3479 1125 3585 Assyrios,

360 3642 507 3722 Dulcia
537 3660 753 3721 nocturnae
787 3661 943 3751 portans
977 3642 1141 3749 vestigia
1172 3643 1290 3737 rixae,

419 3803 554 3909 Quam
587 3804 636 3882 de
668 3804 852 3910 virgineis
888 3820 1058 3910 gesserat
1088 3803 1251 3882 exuviis.

263 3994 298 4061 15
362 3969 482 4047 Estne
513 3969 625 4047 novis
657 3967 790 4075 nuptis
823 3967 917 4046 odio
949 3968 1119 4046 Venus?
1151 3994 1201 4045 an
1233 3965 1340 4075 quod
1365 3987 1573 4048 amantum

415 4132 448 4210 F
450 4151 666 4211 rustrantur
695 4130 799 4211 falsis
832 4132 973 4237 gaudia
1003 4130 1230 4232 lacrimulis,

362 4297 546 4376 Vbertim
578 4295 743 4376 thalami
776 4325 871 4405 quas
898 4298 1000 4393 intra
1030 4296 1170 4375 limina
1199 4294 1402 4376 fundunt?

419 4459 530 4553 Non,
562 4458 618 4538 ita
648 4487 713 4538 me
745 4458 840 4553 divi,
875 4485 964 4538 vera
995 4475 1175 4565 gemunt,
1208 4457 1364 4538 iuerint.
