3750 5528
799 1290 916 1373 VIll.

252 1505 378 1585 Miser
408 1505 577 1600 Catulle,
608 1505 757 1586 desinas
787 1506 966 1616 ineptire,

253 1671 304 1749 Et
332 1670 439 1779 quod
469 1671 575 1750 vides
605 1671 745 1780 perisse
774 1670 974 1780 perditum
1003 1669 1134 1749 ducas.

252 1834 286 1912 F
289 1834 412 1914 ulsere
443 1836 644 1943 quondam
673 1835 830 1915 candidi
860 1833 933 1915 tibi
962 1835 1074 1929 soles,

255 2013 363 2091 Cum
393 2011 605 2091 ventitabas
636 2039 716 2121 quo
744 2010 877 2120 puella
905 2009 1073 2091 ducebat

253 2179 398 2257 Amata
416 2176 528 2255 nobis
558 2194 754 2286 quantum
778 2175 975 2256 amabitur
1004 2176 1124 2256 nulla.

255 2340 318 2420 Ibi
347 2340 413 2420 illa
441 2341 569 2420 multa
597 2359 685 2421 tum
715 2342 846 2422 iocosa
873 2340 1034 2436 fiebant,

255 2504 367 2610 Quae
396 2522 440 2584 tu
469 2504 624 2584 volebas
654 2533 727 2584 nec
755 2504 887 2614 puella
916 2505 1086 2586 nolebat.

254 2669 288 2747 F
291 2667 413 2748 ulsere
443 2696 533 2748 vere
562 2669 718 2749 candidi
749 2669 821 2748 tibi
849 2670 963 2751 soles.

256 2832 378 2911 Nunc
407 2833 487 2912 iam
517 2833 584 2912 illa
613 2861 693 2913 non
723 2834 830 2913 vult:
864 2853 908 2914 tu
939 2863 1112 2944 quoque,
1145 2835 1355 2944 impotens,
1381 2833 1462 2912 noli

255 2998 342 3076 Nec
372 3026 471 3107 quae
500 2996 605 3106 fugit
632 3016 791 3091 sectare,
822 3027 895 3078 nec
915 3000 1033 3078 miser
1062 2999 1161 3093 vive,

254 3162 329 3241 Sed
359 3162 551 3242 obstinata
580 3181 713 3242 mente
742 3161 883 3271 perfer,
914 3162 1076 3243 obdura.

255 3325 366 3420 Vale,
396 3324 543 3435 puella:
575 3326 656 3404 iam
687 3325 867 3406 Catullus
897 3325 1076 3426 obdurat,

256 3491 346 3570 Nec
375 3508 414 3569 te
443 3491 614 3599 requiret
648 3517 721 3568 nee
754 3489 909 3597 rogabit
937 3490 1125 3569 invitam:

258 3657 314 3734 At
343 3673 387 3734 tu
416 3653 578 3748 dolebis,
608 3683 702 3733 cum
733 3652 927 3760 rogaberis
959 3653 1078 3733 nulla.

258 3819 438 3913 Scelesta,
470 3846 539 3897 vae
569 3819 630 3897 te!
663 3846 762 3926 quae
794 3817 866 3897 tibi
897 3837 1030 3897 manet
1060 3818 1160 3897 vita!

259 3985 358 4092 Quis
389 4013 494 4064 nunc
525 4003 562 4063 te
592 3983 744 4065 adibit?
772 3987 838 4064 eui
868 3982 1056 4063 videberis
1086 3982 1217 4062 bella?

261 4150 397 4257 Quem
425 4178 532 4229 nunc
562 4149 743 4230 amabis?
772 4149 881 4228 cuius
911 4175 991 4227 esse
1021 4146 1185 4227 diceris?

262 4317 397 4423 Quem
425 4314 620 4396 basiabis?
648 4316 713 4394 cui
743 4313 884 4393 labella
913 4312 1138 4393 mordebis?

259 4485 315 4562 At
345 4501 402 4576 tu,
434 4478 604 4573 Catulle,
635 4480 845 4560 destinatus
876 4478 1037 4557 obdura.
