3750 5460
821 997 872 1080 73

242 1183 457 1293 Phrygiam
488 1183 536 1262 ad
565 1182 733 1262 domum
765 1180 961 1288 Cybebes,
995 1179 1167 1288 Phrygia
1201 1180 1250 1260 ad
1289 1207 1453 1259 nemora
1470 1200 1512 1248 ²0

299 1348 407 1443 deae,

244 1513 326 1592 Vbi
355 1510 583 1622 cymbalum
612 1529 723 1591 sonat
752 1537 843 1605 vox,
874 1510 943 1589 ubi
973 1528 1159 1619 tympana
1188 1509 1364 1604 reboant,

243 1674 412 1755 Tibicen
437 1674 512 1792 ¹ubi
540 1675 645 1754 canit
676 1671 812 1781 Phryx
842 1702 965 1754 curvo
997 1701 1114 1781 grave
1144 1672 1310 1768 calam0‚

247 1839 327 1920 Vbi
357 1843 483 1950 capita
513 1840 726 1920 Maenades
756 1843 794 1920 vi
824 1842 972 1919 iaciunt
1000 1839 1233 1945 ederigerae,

251 2006 329 2085 Vbi
358 2034 465 2085 sacra
492 2025 623 2085 sancta
652 2006 773 2085 acutis
805 2001 1015 2083 ululatibus
1046 2004 1205 2111 agitant,

248 2171 329 2250 Vbi
357 2172 482 2250 suevit
512 2170 577 2249 illa
606 2169 717 2249 divae
747 2170 908 2250 volitare
939 2196 1036 2276 vaga
1066 2165 1237 2248 cohors:
1471 2195 1511 2265 25

251 2334 344 2439 Quo
374 2362 443 2414 nos
473 2333 586 2413 decet
615 2334 739 2413 citatis
768 2334 936 2414 celerare
968 2333 1175 2443 tripudiis?

247 2499 372 2578 Simul
402 2496 499 2578 haec
528 2498 738 2578 comitibus
769 2500 873 2578 Attis
903 2498 1045 2579 cecinit
1073 2495 1198 2575 notha
1226 2496 1383 2589 mulier,

247 2659 415 2740 Thiasus
447 2679 606 2768 repente
636 2661 779 2767 linguis
811 2660 1094 2770 trepidantibus
1126 2659 1262 2755 ululat,

248 2827 354 2905 Leve
385 2844 621 2934 tympanum
650 2826 836 2932 remugit,
867 2853 961 2904 cava
990 2823 1172 2933 cymbala
1201 2843 1419 2934 recrepant,

251 2989 431 3067 Viridem
461 2990 559 3068 citus
589 2989 669 3069 adit
699 2989 813 3068 Idam
842 3007 1073 3099 properante
1103 2988 1202 3097 pede
1231 2987 1387 3070 chorus.
1474 3022 1517 3088 30

251 3154 482 3233 Furibunda
538 3154 658 3233 simul
716 3151 900 3233 anhelans
956 3180 1054 3259 vaga
1112 3153 1229 3246 vadit,
1285 3153 1460 3232 animam

308 3345 440 3425 agens,

254 3484 456 3562 Comitata
485 3500 674 3592 tympano
702 3484 806 3562 Attis
835 3510 905 3592 per
934 3510 1055 3592 opaca
1083 3510 1246 3562 nemora
1274 3482 1369 3578 dux,

254 3645 390 3725 Veluti
420 3647 584 3725 iuvenca
613 3647 736 3726 vitans
767 3675 864 3727 onus
894 3647 1085 3727 indomita
1119 3647 1234 3755 iugi:

254 3810 428 3919 Rapidae
458 3810 601 3889 ducem
630 3829 815 3890 secuntur
846 3810 983 3891 Gallae
1012 3812 1324 3922 properipedem.

254 3977 392 4082 ltaque
423 3992 467 4055 ut
495 3974 664 4053 domum
695 3974 876 4083 Cybebes
906 3976 1068 4083 tetigere
1098 3975 1272 4071 lassulae,
1476 4004 1515 4073 35

256 4139 399 4218 Nimio
427 4167 449 4217 e
478 4138 612 4218 labore
641 4165 829 4218 somnum
858 4139 1019 4248 capiunt
1047 4141 1129 4219 sine
1160 4140 1318 4223 Cerere.

260 4303 379 4410 Piger
406 4300 467 4382 his
496 4303 652 4382 labante
680 4301 842 4410 langore
871 4304 1005 4384 oculos
1034 4331 1153 4413 sopor
1180 4306 1334 4415 operit:

256 4465 353 4546 Abit
383 4469 423 4546 in
454 4467 584 4575 quiete
616 4467 728 4546 molli
757 4466 912 4547 rabidus
941 4466 1053 4549 furor
1081 4468 1216 4549 animi.

255 4631 329 4710 Sed
359 4630 426 4712 ubi
457 4632 532 4711 oris
562 4631 667 4712 aurei
699 4631 764 4711 Sol
794 4630 1029 4712 radiantibus
1057 4631 1181 4713 oculis
