<?xml version="1.0" encoding="UTF-8"?>
<!DOCTYPE html PUBLIC "-//W3C//DTD XHTML 1.0 Transitional//EN"
    "http://www.w3.org/TR/xhtml1/DTD/xhtml1-transitional.dtd">
<html xmlns="http://www.w3.org/1999/xhtml" xml:lang="en" lang="en">
 <head>
  <title>
</title>
<meta http-equiv="Content-Type" content="text/html;charset=utf-8" />
  <meta name='ocr-system' content='tesseract 3.04.00' />
  <meta name='ocr-capabilities' content='ocr_page ocr_carea ocr_par ocr_line ocrx_word'/>
</head>
<body>
  <div class='ocr_page' id='page_1' title='image "./catulluswithper00owengoog_0141.png"; bbox 0 0 3750 5460; ppageno 0'>
   <div class='ocr_carea' id='block_1_1' title="bbox 1022 810 1097 864">
    <p class='ocr_par' dir='ltr' id='par_1_1' title="bbox 1022 810 1097 864">
     <span class='ocr_line' id='line_1_1' title="bbox 1022 810 1097 864; baseline 0.027 -2"><span class='ocrx_word' id='word_1_1' title='bbox 1022 810 1097 864; x_wconf 91' lang='lat'>112</span> 
     </span>
    </p>
   </div>
   <div class='ocr_carea' id='block_1_2' title="bbox 349 1000 1560 3238">
    <p class='ocr_par' dir='ltr' id='par_1_2' title="bbox 349 1000 1560 3238">
     <span class='ocr_line' id='line_1_2' title="bbox 451 1000 1247 1109; baseline 0.004 -30"><span class='ocrx_word' id='word_1_2' title='bbox 451 1001 567 1109; x_wconf 91' lang='lat' dir='ltr'>Inpia</span> <span class='ocrx_word' id='word_1_3' title='bbox 594 1000 709 1080; x_wconf 90' lang='lat' dir='ltr'>derisi</span> <span class='ocrx_word' id='word_1_4' title='bbox 740 1000 898 1107; x_wconf 88' lang='lat' dir='ltr'>gentilis</span> <span class='ocrx_word' id='word_1_5' title='bbox 928 1000 1073 1107; x_wconf 87' lang='lat' dir='ltr'>gaudia</span> <span class='ocrx_word' id='word_1_6' title='bbox 1100 1001 1247 1083; x_wconf 87' lang='lat' dir='ltr'>tollens</span> 
     </span>
     <span class='ocr_line' id='line_1_3' title="bbox 507 1164 1283 1276; baseline 0.005 -32"><span class='ocrx_word' id='word_1_7' title='bbox 507 1165 674 1245; x_wconf 90' lang='lat' dir='ltr'>Suscitat</span> <span class='ocrx_word' id='word_1_8' title='bbox 703 1193 852 1245; x_wconf 92' lang='lat' dir='ltr'>acano</span> <span class='ocrx_word' id='word_1_9' title='bbox 882 1164 1102 1245; x_wconf 90' lang='lat' dir='ltr'>volturium</span> <span class='ocrx_word' id='word_1_10' title='bbox 1131 1168 1283 1276; x_wconf 88' lang='lat' dir='ltr'>capiti:</span> 
     </span>
     <span class='ocr_line' id='line_1_4' title="bbox 353 1329 1451 1436; baseline 0.004 -25"><span class='ocrx_word' id='word_1_11' title='bbox 353 1344 411 1411; x_wconf 82' lang='lat'>1²5</span> <span class='ocrx_word' id='word_1_12' title='bbox 450 1329 540 1409; x_wconf 90' lang='lat' dir='ltr'>Nec</span> <span class='ocrx_word' id='word_1_13' title='bbox 568 1348 724 1409; x_wconf 92' lang='lat' dir='ltr'>tantum</span> <span class='ocrx_word' id='word_1_14' title='bbox 755 1331 871 1409; x_wconf 93' lang='lat' dir='ltr'>niveo</span> <span class='ocrx_word' id='word_1_15' title='bbox 900 1330 1032 1436; x_wconf 88' lang='lat' dir='ltr'>gavisa</span> <span class='ocrx_word' id='word_1_16' title='bbox 1060 1349 1120 1411; x_wconf 88' lang='lat' dir='ltr'>est</span> <span class='ocrx_word' id='word_1_17' title='bbox 1149 1331 1231 1412; x_wconf 89' lang='lat' dir='ltr'>ulla</span> <span class='ocrx_word' id='word_1_18' title='bbox 1258 1333 1451 1415; x_wconf 93' lang='lat' dir='ltr'>columbo</span> 
     </span>
     <span class='ocr_line' id='line_1_5' title="bbox 508 1493 1380 1606; baseline 0.006 -33"><span class='ocrx_word' id='word_1_19' title='bbox 508 1497 682 1603; x_wconf 88' lang='lat' dir='ltr'>Conpar,</span> <span class='ocrx_word' id='word_1_20' title='bbox 713 1522 813 1601; x_wconf 89' lang='lat' dir='ltr'>quae</span> <span class='ocrx_word' id='word_1_21' title='bbox 842 1493 972 1574; x_wconf 90' lang='lat' dir='ltr'>multo</span> <span class='ocrx_word' id='word_1_22' title='bbox 1000 1494 1147 1575; x_wconf 88' lang='lat' dir='ltr'>dicitur</span> <span class='ocrx_word' id='word_1_23' title='bbox 1175 1496 1380 1606; x_wconf 88' lang='lat' dir='ltr'>inprobius</span> 
     </span>
     <span class='ocr_line' id='line_1_6' title="bbox 451 1657 1421 1769; baseline 0.005 -31"><span class='ocrx_word' id='word_1_24' title='bbox 451 1657 600 1738; x_wconf 86' lang='lat' dir='ltr'>Oscula</span> <span class='ocrx_word' id='word_1_25' title='bbox 628 1660 824 1738; x_wconf 86' lang='lat' dir='ltr'><strong>mordenti</strong></span> <span class='ocrx_word' id='word_1_26' title='bbox 855 1687 1012 1768; x_wconf 87' lang='lat' dir='ltr'>semper</span> <span class='ocrx_word' id='word_1_27' title='bbox 1040 1659 1252 1769; x_wconf 85' lang='lat' dir='ltr'>decerpere</span> <span class='ocrx_word' id='word_1_28' title='bbox 1280 1680 1421 1759; x_wconf 85' lang='lat' dir='ltr'>rostro,</span> 
     </span>
     <span class='ocr_line' id='line_1_7' title="bbox 508 1823 1524 1934; baseline 0.004 -31"><span class='ocrx_word' id='word_1_29' title='bbox 508 1823 641 1928; x_wconf 77' lang='lat' dir='ltr'>Quam</span> <span class='ocrx_word' id='word_1_30' title='bbox 672 1851 772 1931; x_wconf 91' lang='lat' dir='ltr'>quae</span> <span class='ocrx_word' id='word_1_31' title='bbox 801 1825 1011 1934; x_wconf 90' lang='lat' dir='ltr'>praecipue</span> <span class='ocrx_word' id='word_1_32' title='bbox 1041 1824 1253 1906; x_wconf 88' lang='lat' dir='ltr'><strong>multivola</strong></span> <span class='ocrx_word' id='word_1_33' title='bbox 1281 1845 1340 1907; x_wconf 88' lang='lat' dir='ltr'>est</span> <span class='ocrx_word' id='word_1_34' title='bbox 1368 1826 1524 1908; x_wconf 88' lang='lat' dir='ltr'>mulier.</span> 
     </span>
     <span class='ocr_line' id='line_1_8' title="bbox 449 1984 1441 2095; baseline 0.002 -27"><span class='ocrx_word' id='word_1_35' title='bbox 449 1989 524 2069; x_wconf 89' lang='lat' dir='ltr'>Sed</span> <span class='ocrx_word' id='word_1_36' title='bbox 554 2007 597 2067; x_wconf 93' lang='lat' dir='ltr'>tu</span> <span class='ocrx_word' id='word_1_37' title='bbox 628 1984 775 2067; x_wconf 95' lang='lat' dir='ltr'>horum</span> <span class='ocrx_word' id='word_1_38' title='bbox 804 2016 971 2095; x_wconf 90' lang='lat' dir='ltr'>magnos</span> <span class='ocrx_word' id='word_1_39' title='bbox 1003 1989 1133 2068; x_wconf 90' lang='lat' dir='ltr'>vicisti</span> <span class='ocrx_word' id='word_1_40' title='bbox 1161 1990 1246 2070; x_wconf 89' lang='lat' dir='ltr'>sola</span> <span class='ocrx_word' id='word_1_41' title='bbox 1273 1988 1441 2087; x_wconf 89' lang='lat' dir='ltr'>furores,</span> 
     </span>
     <span class='ocr_line' id='line_1_9' title="bbox 352 2152 1276 2254; baseline 0.006 -24"><span class='ocrx_word' id='word_1_42' title='bbox 352 2190 413 2254; x_wconf 85' lang='lat'>130</span> <span class='ocrx_word' id='word_1_43' title='bbox 504 2155 558 2231; x_wconf 94' lang='lat' dir='ltr'>Vt</span> <span class='ocrx_word' id='word_1_44' title='bbox 587 2153 710 2232; x_wconf 87' lang='lat' dir='ltr'>semel</span> <span class='ocrx_word' id='word_1_45' title='bbox 740 2181 778 2231; x_wconf 92' lang='lat' dir='ltr'>es</span> <span class='ocrx_word' id='word_1_46' title='bbox 809 2152 910 2232; x_wconf 87' lang='lat' dir='ltr'>flavo</span> <span class='ocrx_word' id='word_1_47' title='bbox 940 2154 1151 2234; x_wconf 92' lang='lat' dir='ltr'>conciliata</span> <span class='ocrx_word' id='word_1_48' title='bbox 1179 2156 1276 2236; x_wconf 87' lang='lat' dir='ltr'>viro.</span> 
     </span>
     <span class='ocr_line' id='line_1_10' title="bbox 447 2315 1525 2428; baseline 0.004 -32"><span class='ocrx_word' id='word_1_49' title='bbox 447 2320 533 2397; x_wconf 92' lang='lat' dir='ltr'>Aut</span> <span class='ocrx_word' id='word_1_50' title='bbox 561 2315 663 2396; x_wconf 91' lang='lat' dir='ltr'><strong>nihil</strong></span> <span class='ocrx_word' id='word_1_51' title='bbox 694 2336 762 2396; x_wconf 89' lang='lat' dir='ltr'>aut</span> <span class='ocrx_word' id='word_1_52' title='bbox 790 2318 911 2426; x_wconf 90' lang='lat' dir='ltr'>paulo</span> <span class='ocrx_word' id='word_1_53' title='bbox 941 2319 1007 2397; x_wconf 93' lang='lat' dir='ltr'>cui</span> <span class='ocrx_word' id='word_1_54' title='bbox 1037 2335 1126 2397; x_wconf 92' lang='lat' dir='ltr'>tum</span> <span class='ocrx_word' id='word_1_55' title='bbox 1156 2319 1375 2399; x_wconf 90' lang='lat' dir='ltr'>concedere</span> <span class='ocrx_word' id='word_1_56' title='bbox 1404 2318 1525 2428; x_wconf 88' lang='lat' dir='ltr'>digna</span> 
     </span>
     <span class='ocr_line' id='line_1_11' title="bbox 506 2482 1509 2590; baseline 0 -28"><span class='ocrx_word' id='word_1_57' title='bbox 506 2487 596 2563; x_wconf 90' lang='lat' dir='ltr'>Lux</span> <span class='ocrx_word' id='word_1_58' title='bbox 627 2511 715 2562; x_wconf 92' lang='lat' dir='ltr'>mea</span> <span class='ocrx_word' id='word_1_59' title='bbox 743 2510 783 2561; x_wconf 92' lang='lat' dir='ltr'>se</span> <span class='ocrx_word' id='word_1_60' title='bbox 813 2501 993 2560; x_wconf 92' lang='lat' dir='ltr'>nostrum</span> <span class='ocrx_word' id='word_1_61' title='bbox 1024 2482 1194 2562; x_wconf 85' lang='lat' dir='ltr'>contulit</span> <span class='ocrx_word' id='word_1_62' title='bbox 1222 2485 1264 2562; x_wconf 94' lang='lat' dir='ltr'>in</span> <span class='ocrx_word' id='word_1_63' title='bbox 1295 2483 1509 2590; x_wconf 88' lang='lat' dir='ltr'>gremium,</span> 
     </span>
     <span class='ocr_line' id='line_1_12' title="bbox 449 2645 1529 2759; baseline 0.003 -33"><span class='ocrx_word' id='word_1_64' title='bbox 449 2649 582 2753; x_wconf 75' lang='lat' dir='ltr'>Quam</span> <span class='ocrx_word' id='word_1_65' title='bbox 612 2650 923 2727; x_wconf 88' lang='lat' dir='ltr'>circumcursans</span> <span class='ocrx_word' id='word_1_66' title='bbox 953 2645 1051 2725; x_wconf 93' lang='lat' dir='ltr'>hinc</span> <span class='ocrx_word' id='word_1_67' title='bbox 1080 2647 1191 2727; x_wconf 92' lang='lat' dir='ltr'>illinc</span> <span class='ocrx_word' id='word_1_68' title='bbox 1219 2676 1335 2758; x_wconf 89' lang='lat' dir='ltr'>saepe</span> <span class='ocrx_word' id='word_1_69' title='bbox 1366 2649 1529 2759; x_wconf 91' lang='lat' dir='ltr'>Cupido</span> 
     </span>
     <span class='ocr_line' id='line_1_13' title="bbox 503 2811 1356 2920; baseline 0.004 -30"><span class='ocrx_word' id='word_1_70' title='bbox 503 2813 537 2890; x_wconf 93' lang='lat' dir='ltr'>F</span> <span class='ocrx_word' id='word_1_71' title='bbox 539 2811 702 2920; x_wconf 82' lang='lat' dir='ltr'>uigebat</span> <span class='ocrx_word' id='word_1_72' title='bbox 730 2813 889 2892; x_wconf 89' lang='lat' dir='ltr'>crocina</span> <span class='ocrx_word' id='word_1_73' title='bbox 919 2811 1106 2891; x_wconf 93' lang='lat' dir='ltr'>candidus</span> <span class='ocrx_word' id='word_1_74' title='bbox 1136 2813 1177 2891; x_wconf 93' lang='lat' dir='ltr'>in</span> <span class='ocrx_word' id='word_1_75' title='bbox 1209 2815 1356 2894; x_wconf 92' lang='lat' dir='ltr'>tunica.</span> 
     </span>
     <span class='ocr_line' id='line_1_14' title="bbox 349 2976 1560 3081; baseline 0.002 -27"><span class='ocrx_word' id='word_1_76' title='bbox 349 3014 406 3081; x_wconf 83' lang='lat'>135</span> <span class='ocrx_word' id='word_1_77' title='bbox 448 2976 562 3080; x_wconf 76' lang='lat' dir='ltr'>Quae</span> <span class='ocrx_word' id='word_1_78' title='bbox 592 2995 725 3056; x_wconf 87' lang='lat' dir='ltr'>tamen</span> <span class='ocrx_word' id='word_1_79' title='bbox 755 2978 826 3056; x_wconf 90' lang='lat' dir='ltr'>etsi</span> <span class='ocrx_word' id='word_1_80' title='bbox 857 3005 938 3056; x_wconf 93' lang='lat' dir='ltr'>uno</span> <span class='ocrx_word' id='word_1_81' title='bbox 968 3005 1049 3055; x_wconf 94' lang='lat' dir='ltr'>non</span> <span class='ocrx_word' id='word_1_82' title='bbox 1081 2996 1139 3056; x_wconf 91' lang='lat' dir='ltr'>est</span> <span class='ocrx_word' id='word_1_83' title='bbox 1167 2996 1355 3057; x_wconf 88' lang='lat' dir='ltr'>contenta</span> <span class='ocrx_word' id='word_1_84' title='bbox 1385 2977 1560 3073; x_wconf 88' lang='lat' dir='ltr'>Catullo,</span> 
     </span>
     <span class='ocr_line' id='line_1_15' title="bbox 503 3140 1346 3238; baseline 0.002 -19"><span class='ocrx_word' id='word_1_85' title='bbox 503 3142 607 3219; x_wconf 87' lang='lat' dir='ltr'>Rara</span> <span class='ocrx_word' id='word_1_86' title='bbox 637 3142 881 3220; x_wconf 90' lang='lat' dir='ltr'>verecundae</span> <span class='ocrx_word' id='word_1_87' title='bbox 911 3141 1016 3221; x_wconf 88' lang='lat' dir='ltr'>furta</span> <span class='ocrx_word' id='word_1_88' title='bbox 1043 3140 1215 3222; x_wconf 90' lang='lat' dir='ltr'>feremus</span> <span class='ocrx_word' id='word_1_89' title='bbox 1245 3170 1346 3238; x_wconf 87' lang='lat' dir='ltr'>erae,</span> 
     </span>
    </p>
   </div>
   <div class='ocr_carea' id='block_1_3' title="bbox 450 3305 1471 3563">
    <p class='ocr_par' dir='ltr' id='par_1_3' title="bbox 450 3305 1471 3563">
     <span class='ocr_line' id='line_1_16' title="bbox 450 3305 1471 3389; baseline 0.004 -4"><span class='ocrx_word' id='word_1_90' title='bbox 450 3305 516 3385; x_wconf 92' lang='lat' dir='ltr'>Ne</span> <span class='ocrx_word' id='word_1_91' title='bbox 546 3306 719 3385; x_wconf 91' lang='lat' dir='ltr'>nimium</span> <span class='ocrx_word' id='word_1_92' title='bbox 749 3308 871 3386; x_wconf 89' lang='lat' dir='ltr'>simus</span> <span class='ocrx_word' id='word_1_93' title='bbox 901 3307 1116 3386; x_wconf 89' lang='lat' dir='ltr'>stultorum</span> <span class='ocrx_word' id='word_1_94' title='bbox 1145 3334 1258 3387; x_wconf 87' lang='lat' dir='ltr'>more</span> <span class='ocrx_word' id='word_1_95' title='bbox 1288 3306 1471 3389; x_wconf 85' lang='lat' dir='ltr'>molesti:</span> 
     </span>
     <span class='ocr_line' id='line_1_17' title="bbox 501 3454 1406 3563; baseline 0 -31"><span class='ocrx_word' id='word_1_96' title='bbox 501 3455 622 3563; x_wconf 89' lang='lat' dir='ltr'>Saepe</span> <span class='ocrx_word' id='word_1_97' title='bbox 652 3456 773 3533; x_wconf 87' lang='lat' dir='ltr'>etiam</span> <span class='ocrx_word' id='word_1_98' title='bbox 803 3456 919 3550; x_wconf 93' lang='lat' dir='ltr'>Iun0‚</span> <span class='ocrx_word' id='word_1_99' title='bbox 950 3456 1128 3535; x_wconf 86' lang='lat' dir='ltr'>maxima</span> <span class='ocrx_word' id='word_1_100' title='bbox 1155 3454 1406 3550; x_wconf 88' lang='lat' dir='ltr'>caelicolum,</span> 
     </span>
    </p>
   </div>
   <div class='ocr_carea' id='block_1_4' title="bbox 347 3618 1602 4224">
    <p class='ocr_par' dir='ltr' id='par_1_4' title="bbox 347 3618 1602 4224">
     <span class='ocr_line' id='line_1_18' title="bbox 447 3618 1489 3729; baseline -0.001 -31"><span class='ocrx_word' id='word_1_101' title='bbox 447 3620 641 3725; x_wconf 87' lang='lat' dir='ltr'>Coniugis</span> <span class='ocrx_word' id='word_1_102' title='bbox 671 3621 712 3698; x_wconf 95' lang='lat' dir='ltr'>in</span> <span class='ocrx_word' id='word_1_103' title='bbox 744 3619 861 3729; x_wconf 92' lang='lat' dir='ltr'>culpa</span> <span class='ocrx_word' id='word_1_104' title='bbox 889 3618 1124 3727; x_wconf 83' lang='lat' dir='ltr'>flagrantem</span> <span class='ocrx_word' id='word_1_105' title='bbox 1158 3618 1341 3698; x_wconf 93' lang='lat' dir='ltr'>contudit</span> <span class='ocrx_word' id='word_1_106' title='bbox 1374 3618 1489 3714; x_wconf 89' lang='lat' dir='ltr'>iram,</span> 
     </span>
     <span class='ocr_line' id='line_1_19' title="bbox 347 3782 1406 3893; baseline -0.003 -29"><span class='ocrx_word' id='word_1_107' title='bbox 347 3824 408 3888; x_wconf 87' lang='lat'>140</span> <span class='ocrx_word' id='word_1_108' title='bbox 501 3786 681 3863; x_wconf 90' lang='lat' dir='ltr'>Noscens</span> <span class='ocrx_word' id='word_1_109' title='bbox 718 3785 913 3864; x_wconf 87' lang='lat' dir='ltr'>omnivoli</span> <span class='ocrx_word' id='word_1_110' title='bbox 947 3784 1118 3893; x_wconf 88' lang='lat' dir='ltr'>plurima</span> <span class='ocrx_word' id='word_1_111' title='bbox 1152 3782 1258 3864; x_wconf 88' lang='lat' dir='ltr'>furta</span> <span class='ocrx_word' id='word_1_112' title='bbox 1289 3784 1406 3863; x_wconf 88' lang='lat' dir='ltr'>Iovis.</span> 
     </span>
     <span class='ocr_line' id='line_1_20' title="bbox 447 3947 1602 4058; baseline -0.001 -31"><span class='ocrx_word' id='word_1_113' title='bbox 447 3950 579 4057; x_wconf 90' lang='lat' dir='ltr'>Atqui</span> <span class='ocrx_word' id='word_1_114' title='bbox 613 3978 687 4028; x_wconf 92' lang='lat' dir='ltr'>nec</span> <span class='ocrx_word' id='word_1_115' title='bbox 718 3950 818 4029; x_wconf 88' lang='lat' dir='ltr'>divis</span> <span class='ocrx_word' id='word_1_116' title='bbox 850 3947 1037 4029; x_wconf 88' lang='lat' dir='ltr'>homines</span> <span class='ocrx_word' id='word_1_117' title='bbox 1070 3950 1289 4058; x_wconf 90' lang='lat' dir='ltr'>conponier</span> <span class='ocrx_word' id='word_1_118' title='bbox 1323 3975 1496 4055; x_wconf 91' lang='lat' dir='ltr'>aequum</span> <span class='ocrx_word' id='word_1_119' title='bbox 1530 3964 1602 4045; x_wconf 89' lang='lat' dir='ltr'>est,</span> 
     </span>
     <span class='ocr_line' id='line_1_21' title="bbox 501 4112 1413 4224; baseline -0.003 -31"><span class='ocrx_word' id='word_1_120' title='bbox 501 4115 728 4223; x_wconf 87' lang='lat' dir='ltr'>(Ingratum</span> <span class='ocrx_word' id='word_1_121' title='bbox 761 4114 923 4193; x_wconf 88' lang='lat' dir='ltr'>tremuli</span> <span class='ocrx_word' id='word_1_122' title='bbox 954 4113 1049 4193; x_wconf 90' lang='lat' dir='ltr'>tolle</span> <span class='ocrx_word' id='word_1_123' title='bbox 1080 4114 1251 4224; x_wconf 89' lang='lat' dir='ltr'>parentis</span> <span class='ocrx_word' id='word_1_124' title='bbox 1283 4112 1413 4222; x_wconf 79' lang='lat' dir='ltr'>opus),</span> 
     </span>
    </p>
   </div>
   <div class='ocr_carea' id='block_1_5' title="bbox 443 4275 1488 4385">
    <p class='ocr_par' dir='ltr' id='par_1_5' title="bbox 443 4275 1488 4385">
     <span class='ocr_line' id='line_1_22' title="bbox 443 4275 1488 4385; baseline -0.002 -29"><span class='ocrx_word' id='word_1_125' title='bbox 443 4278 533 4356; x_wconf 94' lang='lat' dir='ltr'>Nec</span> <span class='ocrx_word' id='word_1_126' title='bbox 565 4296 697 4357; x_wconf 89' lang='lat' dir='ltr'>tamen</span> <span class='ocrx_word' id='word_1_127' title='bbox 732 4277 798 4355; x_wconf 90' lang='lat' dir='ltr'>illa</span> <span class='ocrx_word' id='word_1_128' title='bbox 830 4275 931 4357; x_wconf 93' lang='lat' dir='ltr'>mihi</span> <span class='ocrx_word' id='word_1_129' title='bbox 962 4278 1099 4358; x_wconf 86' lang='lat' dir='ltr'>dextra</span> <span class='ocrx_word' id='word_1_130' title='bbox 1129 4277 1298 4358; x_wconf 91' lang='lat' dir='ltr'>deducta</span> <span class='ocrx_word' id='word_1_131' title='bbox 1327 4294 1488 4385; x_wconf 88' lang='lat' dir='ltr'>patema</span> 
     </span>
    </p>
   </div>
   <div class='ocr_carea' id='block_1_6' title="bbox 501 4441 1468 4552">
    <p class='ocr_par' dir='ltr' id='par_1_6' title="bbox 501 4441 1468 4552">
     <span class='ocr_line' id='line_1_23' title="bbox 501 4441 1468 4552; baseline -0.001 -31"><span class='ocrx_word' id='word_1_132' title='bbox 501 4444 535 4521; x_wconf 93' lang='lat' dir='ltr'>F</span> <span class='ocrx_word' id='word_1_133' title='bbox 537 4459 762 4550; x_wconf 86' lang='lat' dir='ltr'>ragrantem</span> <span class='ocrx_word' id='word_1_134' title='bbox 795 4444 956 4552; x_wconf 87' lang='lat' dir='ltr'>Assyrio</span> <span class='ocrx_word' id='word_1_135' title='bbox 997 4446 1105 4524; x_wconf 91' lang='lat' dir='ltr'>venit</span> <span class='ocrx_word' id='word_1_136' title='bbox 1136 4442 1257 4525; x_wconf 91' lang='lat' dir='ltr'>odore</span> <span class='ocrx_word' id='word_1_137' title='bbox 1287 4441 1468 4536; x_wconf 89' lang='lat' dir='ltr'>domum,</span> 
     </span>
    </p>
   </div>
   <div class='ocr_carea' id='block_1_7' title="bbox 0 0 1880 5460">
    <p class='ocr_par' dir='ltr' id='par_1_7' title="bbox 0 0 1880 5460">
     <span class='ocr_line' id='line_1_24' title="bbox 0 0 1880 5460; baseline 0 0"><span class='ocrx_word' id='word_1_138' title='bbox 0 0 1880 5460; x_wconf 95' lang='lat' dir='ltr'> </span> 
     </span>
    </p>
   </div>
  </div>
 </body>
</html>
