3750 5528
952 1665 1098 1748 XLIV.

423 1900 461 1977 O
495 1896 617 1978 funde
649 1916 779 1977 noster
809 1925 878 1976 seu
910 1898 1050 1978 Sabine
1077 1928 1145 1980 seu
1176 1899 1336 1994 Tiburs,

421 2061 549 2168 (Nam
582 2081 619 2142 te
648 2089 728 2142 esse
757 2061 969 2142 Tiburtem
999 2083 1218 2158 autumant,
1248 2064 1390 2173 quibus
1420 2090 1499 2143 non
1527 2081 1586 2143 est

423 2227 547 2306 Cordi
583 2226 790 2306 Catullum
823 2226 987 2322 laedere,
1021 2248 1059 2309 at
1093 2229 1235 2337 quibus
1263 2228 1370 2308 cordi
1404 2246 1472 2328 est,

422 2392 571 2497 Quouis
607 2390 798 2471 Sabinum
828 2393 993 2502 pignore
1022 2423 1101 2474 esse
1131 2395 1393 2501 contendunt)

387 2550 496 2641 58ed
525 2577 595 2629 seu
622 2550 764 2630 Sabine
796 2552 876 2631 sive
910 2554 1037 2633 verius
1071 2553 1232 2651 Tiburs,

421 2709 497 2788 Fui
528 2709 695 2788 libenter
721 2712 761 2789 in
795 2732 862 2790 tua
890 2710 1113 2792 suburbana

418 2872 524 2952 Villa
554 2874 779 2982 malamque
813 2894 971 2984 pectore
1003 2877 1138 2987 expuli
1170 2877 1320 2971 tussim,

420 3036 517 3116 Non
549 3039 759 3118 inmerenti
793 3067 914 3147 quam
948 3038 1049 3119 mihi
1079 3068 1190 3120 meus
1225 3060 1376 3136 venter,

421 3202 535 3280 Dum
565 3221 813 3311 sumptuosas
849 3204 1004 3314 adpet0,
1036 3205 1156 3300 dedit,
1187 3233 1315 3286 cenas.

366 3364 543 3460 10Nam,
575 3367 768 3446 Sestianus
804 3367 901 3446 dum
933 3368 1024 3447 volo
1056 3395 1136 3448 esse
1166 3369 1343 3463 conviva,

420 3532 654 3610 Orationem
691 3532 732 3610 in
764 3534 934 3612 Antium
968 3534 1178 3642 petitorem

419 3695 582 3774 Plenam
617 3697 758 3774 veneni
787 3714 826 3775 et
855 3696 1098 3805 pestilentiae
1129 3695 1221 3803 legi.

417 3861 500 3940 Hic
531 3888 596 3939 me
631 3861 796 3969 gravido
826 3858 969 3968 frigida
999 3879 1039 3940 et
1069 3859 1252 3969 frequens
1284 3861 1396 3940 tussis

418 4023 623 4130 Quassavit
657 4025 906 4132 usquedum
938 4025 978 4103 in
1014 4043 1129 4104 tuum
1159 4025 1291 4104 sinum
1316 4022 1401 4132 fugi

363 4207 399 4273 15
417 4192 468 4270 Et
502 4218 567 4269 me
596 4191 770 4269 recuravi
801 4191 962 4299 otioque
996 4209 1036 4270 et
1058 4191 1192 4270 urtica.

417 4355 549 4462 Quare
583 4354 748 4435 refectus
778 4356 970 4435 maximas
1002 4353 1075 4434 tibi
1106 4373 1232 4462 grates

413 4522 520 4628 Ago,
550 4547 688 4599 meum
719 4520 827 4628 quod
857 4547 937 4599 non
969 4546 1007 4598 es
1040 4519 1123 4599 ulta
1152 4538 1373 4629 peccatum.

415 4684 504 4764 Nec
536 4684 724 4793 deprecor
756 4684 849 4778 iam,
879 4685 911 4762 si
943 4678 1089 4761 nefaria
1120 4683 1261 4791 scripta
