<?xml version="1.0" encoding="UTF-8"?>
<!DOCTYPE html PUBLIC "-//W3C//DTD XHTML 1.0 Transitional//EN"
    "http://www.w3.org/TR/xhtml1/DTD/xhtml1-transitional.dtd">
<html xmlns="http://www.w3.org/1999/xhtml" xml:lang="en" lang="en">
 <head>
  <title>
</title>
<meta http-equiv="Content-Type" content="text/html;charset=utf-8" />
  <meta name='ocr-system' content='tesseract 3.04.00' />
  <meta name='ocr-capabilities' content='ocr_page ocr_carea ocr_par ocr_line ocrx_word'/>
</head>
<body>
  <div class='ocr_page' id='page_1' title='image "./catulluswithper00owengoog_0128.png"; bbox 0 0 3750 5460; ppageno 0'>
   <div class='ocr_carea' id='block_1_1' title="bbox 238 937 1206 1400">
    <p class='ocr_par' dir='ltr' id='par_1_1' title="bbox 238 937 1206 1400">
     <span class='ocr_line' id='line_1_1' title="bbox 738 937 873 1015; baseline 0.007 -1"><span class='ocrx_word' id='word_1_1' title='bbox 738 953 740 958; x_wconf 81' lang='grc'><em>“</em></span> <span class='ocrx_word' id='word_1_2' title='bbox 821 937 873 1015; x_wconf 88' lang='lat'><strong>99</strong></span> 
     </span>
     <span class='ocr_line' id='line_1_2' title="bbox 238 1126 1206 1234; baseline 0 -29"><span class='ocrx_word' id='word_1_3' title='bbox 238 1128 285 1206; x_wconf 93' lang='lat' dir='ltr'><strong>Id</strong></span> <span class='ocrx_word' id='word_1_4' title='bbox 318 1156 407 1205; x_wconf 89' lang='lat' dir='ltr'><strong>mea</strong></span> <span class='ocrx_word' id='word_1_5' title='bbox 440 1156 505 1207; x_wconf 92' lang='lat' dir='ltr'><strong>me</strong></span> <span class='ocrx_word' id='word_1_6' title='bbox 537 1126 674 1206; x_wconf 91' lang='lat' dir='ltr'><strong>multis</strong></span> <span class='ocrx_word' id='word_1_7' title='bbox 705 1128 841 1206; x_wconf 91' lang='lat' dir='ltr'><strong>docuit</strong></span> <span class='ocrx_word' id='word_1_8' title='bbox 872 1128 1006 1233; x_wconf 87' lang='lat' dir='ltr'><strong>regina</strong></span> <span class='ocrx_word' id='word_1_9' title='bbox 1038 1126 1206 1234; x_wconf 86' lang='lat' dir='ltr'>querelis</span> 
     </span>
     <span class='ocr_line' id='line_1_3' title="bbox 298 1291 1083 1400; baseline 0.001 -31"><span class='ocrx_word' id='word_1_10' title='bbox 298 1292 496 1370; x_wconf 89' lang='lat' dir='ltr'><strong>Invisente</strong></span> <span class='ocrx_word' id='word_1_11' title='bbox 528 1291 814 1400; x_wconf 86' lang='lat' dir='ltr'><strong>novoproelia</strong></span> <span class='ocrx_word' id='word_1_12' title='bbox 844 1310 956 1369; x_wconf 89' lang='lat' dir='ltr'><strong>torva</strong></span> <span class='ocrx_word' id='word_1_13' title='bbox 988 1292 1083 1370; x_wconf 88' lang='lat' dir='ltr'><strong>vir0.</strong></span> 
     </span>
    </p>
   </div>
   <div class='ocr_carea' id='block_1_2' title="bbox 240 1455 1149 1550">
    <p class='ocr_par' dir='ltr' id='par_1_2' title="bbox 240 1455 1149 1550">
     <span class='ocr_line' id='line_1_4' title="bbox 240 1455 1149 1550; baseline -0.001 -15"><span class='ocrx_word' id='word_1_14' title='bbox 240 1458 298 1535; x_wconf 95' lang='lat' dir='ltr'><strong>At</strong></span> <span class='ocrx_word' id='word_1_15' title='bbox 329 1476 372 1536; x_wconf 95' lang='lat' dir='ltr'><strong>tu</strong></span> <span class='ocrx_word' id='word_1_16' title='bbox 405 1486 485 1536; x_wconf 91' lang='lat' dir='ltr'><strong>non</strong></span> <span class='ocrx_word' id='word_1_17' title='bbox 511 1456 658 1535; x_wconf 88' lang='lat' dir='ltr'><strong>orbum</strong></span> <span class='ocrx_word' id='word_1_18' title='bbox 688 1456 791 1535; x_wconf 86' lang='lat' dir='ltr'><strong>luxti</strong></span> <span class='ocrx_word' id='word_1_19' title='bbox 822 1456 975 1535; x_wconf 85' lang='lat' dir='ltr'><strong>deserta</strong></span> <span class='ocrx_word' id='word_1_20' title='bbox 1003 1455 1149 1550; x_wconf 84' lang='lat' dir='ltr'><strong>cubile,</strong></span> 
     </span>
    </p>
   </div>
   <div class='ocr_carea' id='block_1_3' title="bbox 300 1619 1059 1712">
    <p class='ocr_par' dir='ltr' id='par_1_3' title="bbox 300 1619 1059 1712">
     <span class='ocr_line' id='line_1_5' title="bbox 300 1619 1059 1712; baseline 0 -14"><span class='ocrx_word' id='word_1_21' title='bbox 300 1621 375 1699; x_wconf 88' lang='lat' dir='ltr'><strong>Sed</strong></span> <span class='ocrx_word' id='word_1_22' title='bbox 404 1619 531 1699; x_wconf 88' lang='lat' dir='ltr'><strong>fratris</strong></span> <span class='ocrx_word' id='word_1_23' title='bbox 564 1622 643 1700; x_wconf 87' lang='lat' dir='ltr'><strong>cari</strong></span> <span class='ocrx_word' id='word_1_24' title='bbox 676 1619 805 1699; x_wconf 87' lang='lat' dir='ltr'><strong>flebile</strong></span> <span class='ocrx_word' id='word_1_25' title='bbox 836 1620 1059 1712; x_wconf 88' lang='lat' dir='ltr'><strong>discidium,</strong></span> 
     </span>
    </p>
   </div>
   <div class='ocr_carea' id='block_1_4' title="bbox 243 1754 1264 1894">
    <p class='ocr_par' dir='ltr' id='par_1_4' title="bbox 243 1754 1264 1894">
     <span class='ocr_line' id='line_1_6' title="bbox 243 1754 1264 1894; baseline 0.001 -31"><span class='ocrx_word' id='word_1_26' title='bbox 243 1787 352 1863; x_wconf 91' lang='lat' dir='ltr'><strong>Cum</strong></span> <span class='ocrx_word' id='word_1_27' title='bbox 383 1754 538 1894; x_wconf 90' lang='lat' dir='ltr'><strong>penitus</strong></span> <span class='ocrx_word' id='word_1_28' title='bbox 571 1803 736 1864; x_wconf 90' lang='lat' dir='ltr'><strong>maestas</strong></span> <span class='ocrx_word' id='word_1_29' title='bbox 771 1784 903 1863; x_wconf 86' lang='lat' dir='ltr'><strong>exedit</strong></span> <span class='ocrx_word' id='word_1_30' title='bbox 935 1813 1028 1863; x_wconf 90' lang='lat' dir='ltr'><strong>cura</strong></span> <span class='ocrx_word' id='word_1_31' title='bbox 1058 1784 1264 1864; x_wconf 86' lang='lat' dir='ltr'><strong>medullas.</strong></span> 
     </span>
    </p>
   </div>
   <div class='ocr_carea' id='block_1_5' title="bbox 231 1935 1569 4521">
    <p class='ocr_par' dir='ltr' id='par_1_5' title="bbox 231 1935 1117 2057">
     <span class='ocr_line' id='line_1_7' title="bbox 231 1935 1117 2057; baseline 0.002 -30"><span class='ocrx_word' id='word_1_32' title='bbox 231 1935 236 1948; x_wconf 48' lang='lat'><strong>¹</strong></span> <span class='ocrx_word' id='word_1_33' title='bbox 300 1951 357 2028; x_wconf 91' lang='lat' dir='ltr'><strong>Vt</strong></span> <span class='ocrx_word' id='word_1_34' title='bbox 390 1950 462 2028; x_wconf 90' lang='lat' dir='ltr'><strong>tibi</strong></span> <span class='ocrx_word' id='word_1_35' title='bbox 494 1969 582 2030; x_wconf 90' lang='lat' dir='ltr'><strong>tum</strong></span> <span class='ocrx_word' id='word_1_36' title='bbox 614 1968 700 2028; x_wconf 95' lang='lat' dir='ltr'><strong>toto</strong></span> <span class='ocrx_word' id='word_1_37' title='bbox 730 1968 893 2057; x_wconf 86' lang='lat' dir='ltr'><strong>pectore</strong></span> <span class='ocrx_word' id='word_1_38' title='bbox 925 1950 1117 2029; x_wconf 85' lang='lat' dir='ltr'><strong>sollicitae</strong></span> 
     </span>
    </p>

    <p class='ocr_par' dir='ltr' id='par_1_6' title="bbox 244 2112 1562 2384">
     <span class='ocr_line' id='line_1_8' title="bbox 244 2112 1562 2222; baseline -0.005 -27"><span class='ocrx_word' id='word_1_39' title='bbox 244 2112 425 2195; x_wconf 88' lang='lat' dir='ltr'><strong>Sensibus</strong></span> <span class='ocrx_word' id='word_1_40' title='bbox 459 2116 600 2222; x_wconf 86' lang='lat' dir='ltr'><strong>ereptis</strong></span> <span class='ocrx_word' id='word_1_41' title='bbox 633 2141 744 2191; x_wconf 91' lang='lat' dir='ltr'><strong>mens</strong></span> <span class='ocrx_word' id='word_1_42' title='bbox 778 2113 950 2192; x_wconf 83' lang='lat' dir='ltr'><strong>excidit!</strong></span> <span class='ocrx_word' id='word_1_43' title='bbox 985 2131 1023 2191; x_wconf 90' lang='lat' dir='ltr'><strong>at</strong></span> <span class='ocrx_word' id='word_1_44' title='bbox 1054 2132 1092 2192; x_wconf 93' lang='lat' dir='ltr'><strong>te</strong></span> <span class='ocrx_word' id='word_1_45' title='bbox 1126 2142 1200 2220; x_wconf 88' lang='lat' dir='ltr'><strong>ego</strong></span> <span class='ocrx_word' id='word_1_46' title='bbox 1233 2133 1336 2194; x_wconf 87' lang='lat' dir='ltr'><strong>certe</strong></span> <span class='ocrx_word' id='word_1_47' title='bbox 1520 2137 1562 2204; x_wconf 81' lang='lat'><strong>25</strong></span> 
     </span>
     <span class='ocr_line' id='line_1_9' title="bbox 301 2277 1269 2384; baseline 0.005 -30"><span class='ocrx_word' id='word_1_48' title='bbox 301 2279 535 2383; x_wconf 88' lang='lat' dir='ltr'><strong>Cognoram</strong></span> <span class='ocrx_word' id='word_1_49' title='bbox 568 2305 590 2353; x_wconf 90' lang='lat' dir='ltr'><strong>a</strong></span> <span class='ocrx_word' id='word_1_50' title='bbox 620 2303 739 2384; x_wconf 83' lang='lat' dir='ltr'><strong>parva</strong></span> <span class='ocrx_word' id='word_1_51' title='bbox 768 2277 921 2382; x_wconf 87' lang='lat' dir='ltr'><strong>virgine</strong></span> <span class='ocrx_word' id='word_1_52' title='bbox 956 2278 1269 2383; x_wconf 84' lang='lat' dir='ltr'><strong>magnanimam.</strong></span> 
     </span>
    </p>

    <p class='ocr_par' dir='ltr' id='par_1_7' title="bbox 241 2437 1461 2712">
     <span class='ocr_line' id='line_1_10' title="bbox 241 2437 1461 2550; baseline 0.001 -31"><span class='ocrx_word' id='word_1_53' title='bbox 241 2442 357 2519; x_wconf 88' lang='lat' dir='ltr'><strong>Anne</strong></span> <span class='ocrx_word' id='word_1_54' title='bbox 378 2438 532 2518; x_wconf 88' lang='lat' dir='ltr'><strong>bonum</strong></span> <span class='ocrx_word' id='word_1_55' title='bbox 554 2438 678 2518; x_wconf 90' lang='lat' dir='ltr'><strong>oblita</strong></span> <span class='ocrx_word' id='word_1_56' title='bbox 709 2468 747 2519; x_wconf 90' lang='lat' dir='ltr'><strong>es</strong></span> <span class='ocrx_word' id='word_1_57' title='bbox 774 2437 943 2535; x_wconf 87' lang='lat' dir='ltr'><strong>facinus,</strong></span> <span class='ocrx_word' id='word_1_58' title='bbox 967 2469 1048 2550; x_wconf 92' lang='lat' dir='ltr'><strong>quo</strong></span> <span class='ocrx_word' id='word_1_59' title='bbox 1080 2443 1236 2548; x_wconf 88' lang='lat' dir='ltr'><strong>regium</strong></span> <span class='ocrx_word' id='word_1_60' title='bbox 1258 2442 1400 2550; x_wconf 89' lang='lat' dir='ltr'><strong>adepta</strong></span> <span class='ocrx_word' id='word_1_61' title='bbox 1423 2469 1461 2520; x_wconf 97' lang='lat' dir='ltr'><strong>es</strong></span> 
     </span>
     <span class='ocr_line' id='line_1_11' title="bbox 303 2602 1247 2712; baseline 0.001 -29"><span class='ocrx_word' id='word_1_62' title='bbox 303 2606 565 2712; x_wconf 88' lang='lat' dir='ltr'><strong>Coniugium,</strong></span> <span class='ocrx_word' id='word_1_63' title='bbox 597 2605 706 2712; x_wconf 94' lang='lat' dir='ltr'><strong>quod</strong></span> <span class='ocrx_word' id='word_1_64' title='bbox 738 2632 819 2684; x_wconf 89' lang='lat' dir='ltr'><strong>non</strong></span> <span class='ocrx_word' id='word_1_65' title='bbox 847 2602 989 2684; x_wconf 89' lang='lat' dir='ltr'><strong>fortior</strong></span> <span class='ocrx_word' id='word_1_66' title='bbox 1020 2607 1121 2685; x_wconf 89' lang='lat' dir='ltr'><strong>ausit</strong></span> <span class='ocrx_word' id='word_1_67' title='bbox 1151 2606 1247 2685; x_wconf 85' lang='lat' dir='ltr'><strong>alis?</strong></span> 
     </span>
    </p>

    <p class='ocr_par' dir='ltr' id='par_1_8' title="bbox 248 2765 1569 3041">
     <span class='ocr_line' id='line_1_12' title="bbox 248 2765 1460 2877; baseline -0.002 -30"><span class='ocrx_word' id='word_1_68' title='bbox 248 2768 323 2848; x_wconf 91' lang='lat' dir='ltr'><strong>Sed</strong></span> <span class='ocrx_word' id='word_1_69' title='bbox 344 2786 431 2846; x_wconf 90' lang='lat' dir='ltr'><strong>tum</strong></span> <span class='ocrx_word' id='word_1_70' title='bbox 452 2786 601 2847; x_wconf 89' lang='lat' dir='ltr'><strong>maesta</strong></span> <span class='ocrx_word' id='word_1_71' title='bbox 631 2768 761 2845; x_wconf 92' lang='lat' dir='ltr'><strong>virum</strong></span> <span class='ocrx_word' id='word_1_72' title='bbox 783 2768 945 2846; x_wconf 85' lang='lat' dir='ltr'><strong>mittens</strong></span> <span class='ocrx_word' id='word_1_73' title='bbox 979 2795 1079 2877; x_wconf 91' lang='lat' dir='ltr'><strong>quae</strong></span> <span class='ocrx_word' id='word_1_74' title='bbox 1102 2768 1220 2847; x_wconf 87' lang='lat' dir='ltr'><strong>verba</strong></span> <span class='ocrx_word' id='word_1_75' title='bbox 1239 2768 1375 2848; x_wconf 89' lang='lat' dir='ltr'><strong>locuta</strong></span> <span class='ocrx_word' id='word_1_76' title='bbox 1398 2765 1460 2847; x_wconf 86' lang='lat' dir='ltr'><strong>es!</strong></span> 
     </span>
     <span class='ocr_line' id='line_1_13' title="bbox 306 2932 1569 3041; baseline 0.007 -32"><span class='ocrx_word' id='word_1_77' title='bbox 306 2932 500 3041; x_wconf 88' lang='lat' dir='ltr'><strong>Iuppiter,</strong></span> <span class='ocrx_word' id='word_1_78' title='bbox 536 2951 578 3010; x_wconf 93' lang='lat' dir='ltr'><strong>ut</strong></span> <span class='ocrx_word' id='word_1_79' title='bbox 609 2933 710 3010; x_wconf 89' lang='lat' dir='ltr'><strong>tristi</strong></span> <span class='ocrx_word' id='word_1_80' title='bbox 741 2932 896 3011; x_wconf 90' lang='lat' dir='ltr'><strong>lumina</strong></span> <span class='ocrx_word' id='word_1_81' title='bbox 927 2961 1040 3041; x_wconf 89' lang='lat' dir='ltr'><strong>saepe</strong></span> <span class='ocrx_word' id='word_1_82' title='bbox 1073 2934 1218 3012; x_wconf 89' lang='lat' dir='ltr'><strong>manu!</strong></span> <span class='ocrx_word' id='word_1_83' title='bbox 1525 2953 1569 3018; x_wconf 81' lang='lat'><strong>30</strong></span> 
     </span>
    </p>

    <p class='ocr_par' dir='ltr' id='par_1_9' title="bbox 251 3095 1354 3368">
     <span class='ocr_line' id='line_1_14' title="bbox 251 3095 1354 3204; baseline 0.001 -30"><span class='ocrx_word' id='word_1_84' title='bbox 251 3097 348 3201; x_wconf 76' lang='lat' dir='ltr'><strong>Quis</strong></span> <span class='ocrx_word' id='word_1_85' title='bbox 383 3115 421 3174; x_wconf 94' lang='lat' dir='ltr'><strong>te</strong></span> <span class='ocrx_word' id='word_1_86' title='bbox 454 3095 623 3174; x_wconf 91' lang='lat' dir='ltr'><strong>mutavit</strong></span> <span class='ocrx_word' id='word_1_87' title='bbox 656 3113 787 3174; x_wconf 90' lang='lat' dir='ltr'><strong>tantus</strong></span> <span class='ocrx_word' id='word_1_88' title='bbox 809 3096 935 3175; x_wconf 85' lang='lat' dir='ltr'><strong>deus?</strong></span> <span class='ocrx_word' id='word_1_89' title='bbox 968 3124 1017 3175; x_wconf 89' lang='lat' dir='ltr'><strong>an</strong></span> <span class='ocrx_word' id='word_1_90' title='bbox 1041 3096 1149 3204; x_wconf 92' lang='lat' dir='ltr'><strong>quod</strong></span> <span class='ocrx_word' id='word_1_91' title='bbox 1181 3115 1354 3176; x_wconf 90' lang='lat' dir='ltr'><strong>amantes</strong></span> 
     </span>
     <span class='ocr_line' id='line_1_15' title="bbox 306 3259 1304 3368; baseline 0 -29"><span class='ocrx_word' id='word_1_92' title='bbox 306 3263 404 3339; x_wconf 91' lang='lat' dir='ltr'><strong>Non</strong></span> <span class='ocrx_word' id='word_1_93' title='bbox 437 3260 557 3367; x_wconf 87' lang='lat' dir='ltr'><strong>longe</strong></span> <span class='ocrx_word' id='word_1_94' title='bbox 593 3287 614 3336; x_wconf 90' lang='lat' dir='ltr'><strong>a</strong></span> <span class='ocrx_word' id='word_1_95' title='bbox 646 3288 737 3339; x_wconf 87' lang='lat' dir='ltr'><strong>caro</strong></span> <span class='ocrx_word' id='word_1_96' title='bbox 774 3288 939 3368; x_wconf 82' lang='lat' dir='ltr'><strong>corpore</strong></span> <span class='ocrx_word' id='word_1_97' title='bbox 971 3259 1102 3340; x_wconf 87' lang='lat' dir='ltr'><strong>abesse</strong></span> <span class='ocrx_word' id='word_1_98' title='bbox 1138 3260 1304 3339; x_wconf 90' lang='lat' dir='ltr'><strong>volunt?</strong></span> 
     </span>
    </p>

    <p class='ocr_par' dir='ltr' id='par_1_10' title="bbox 249 3424 1336 3699">
     <span class='ocr_line' id='line_1_16' title="bbox 249 3424 1336 3534; baseline -0.001 -29"><span class='ocrx_word' id='word_1_99' title='bbox 249 3428 387 3534; x_wconf 90' lang='lat' dir='ltr'><strong>Atque</strong></span> <span class='ocrx_word' id='word_1_100' title='bbox 419 3424 476 3502; x_wconf 90' lang='lat' dir='ltr'><strong>ibi</strong></span> <span class='ocrx_word' id='word_1_101' title='bbox 508 3453 574 3503; x_wconf 89' lang='lat' dir='ltr'><strong>me</strong></span> <span class='ocrx_word' id='word_1_102' title='bbox 607 3427 762 3504; x_wconf 88' lang='lat' dir='ltr'><strong>cunctis</strong></span> <span class='ocrx_word' id='word_1_103' title='bbox 794 3454 866 3534; x_wconf 86' lang='lat' dir='ltr'><strong>pro</strong></span> <span class='ocrx_word' id='word_1_104' title='bbox 898 3424 1006 3505; x_wconf 89' lang='lat' dir='ltr'><strong>dulci</strong></span> <span class='ocrx_word' id='word_1_105' title='bbox 1037 3426 1207 3532; x_wconf 84' lang='lat' dir='ltr'><strong>coniuge</strong></span> <span class='ocrx_word' id='word_1_106' title='bbox 1239 3425 1336 3504; x_wconf 92' lang='lat' dir='ltr'><strong>divis</strong></span> 
     </span>
     <span class='ocr_line' id='line_1_17' title="bbox 308 3590 1236 3699; baseline -0.001 -30"><span class='ocrx_word' id='word_1_107' title='bbox 308 3593 405 3669; x_wconf 91' lang='lat' dir='ltr'><strong>Non</strong></span> <span class='ocrx_word' id='word_1_108' title='bbox 440 3592 523 3669; x_wconf 90' lang='lat' dir='ltr'><strong>sine</strong></span> <span class='ocrx_word' id='word_1_109' title='bbox 555 3591 711 3668; x_wconf 87' lang='lat' dir='ltr'><strong>taurino</strong></span> <span class='ocrx_word' id='word_1_110' title='bbox 743 3592 936 3698; x_wconf 89' lang='lat' dir='ltr'><strong>sanguine</strong></span> <span class='ocrx_word' id='word_1_111' title='bbox 968 3590 1145 3699; x_wconf 91' lang='lat' dir='ltr'><strong>pollicita</strong></span> <span class='ocrx_word' id='word_1_112' title='bbox 1183 3617 1236 3683; x_wconf 89' lang='lat' dir='ltr'><strong>es,</strong></span> 
     </span>
    </p>

    <p class='ocr_par' dir='ltr' id='par_1_11' title="bbox 253 3753 1567 4030">
     <span class='ocr_line' id='line_1_18' title="bbox 253 3753 1567 3863; baseline -0.003 -27"><span class='ocrx_word' id='word_1_113' title='bbox 253 3759 292 3836; x_wconf 90' lang='lat' dir='ltr'><strong>Si</strong></span> <span class='ocrx_word' id='word_1_114' title='bbox 325 3757 497 3835; x_wconf 87' lang='lat' dir='ltr'><strong>reditum</strong></span> <span class='ocrx_word' id='word_1_115' title='bbox 530 3756 733 3839; x_wconf 91' lang='lat' dir='ltr'><strong>tetulisset.</strong></span> <span class='ocrx_word' id='word_1_116' title='bbox 803 3756 841 3835; x_wconf 93' lang='lat' dir='ltr'><strong>Is</strong></span> <span class='ocrx_word' id='word_1_117' title='bbox 873 3754 971 3835; x_wconf 91' lang='lat' dir='ltr'><strong>haut</strong></span> <span class='ocrx_word' id='word_1_118' title='bbox 1001 3757 1042 3834; x_wconf 88' lang='lat' dir='ltr'><strong>in</strong></span> <span class='ocrx_word' id='word_1_119' title='bbox 1080 3774 1259 3863; x_wconf 86' lang='lat' dir='ltr'><strong>tempore</strong></span> <span class='ocrx_word' id='word_1_120' title='bbox 1289 3753 1413 3860; x_wconf 88' lang='lat' dir='ltr'><strong>longo</strong></span> <span class='ocrx_word' id='word_1_121' title='bbox 1529 3790 1567 3857; x_wconf 83' lang='lat'><strong>35</strong></span> 
     </span>
     <span class='ocr_line' id='line_1_19' title="bbox 309 3919 1287 4030; baseline -0.001 -30"><span class='ocrx_word' id='word_1_122' title='bbox 309 3924 481 4029; x_wconf 87' lang='lat' dir='ltr'><strong>Captam</strong></span> <span class='ocrx_word' id='word_1_123' title='bbox 514 3920 653 3999; x_wconf 90' lang='lat' dir='ltr'><strong>Asiam</strong></span> <span class='ocrx_word' id='word_1_124' title='bbox 686 3922 863 4030; x_wconf 87' lang='lat' dir='ltr'><strong>Aegypti</strong></span> <span class='ocrx_word' id='word_1_125' title='bbox 898 3919 1043 4000; x_wconf 91' lang='lat' dir='ltr'><strong>finibus</strong></span> <span class='ocrx_word' id='word_1_126' title='bbox 1076 3919 1287 4000; x_wconf 87' lang='lat' dir='ltr'><strong>addiderat.</strong></span> 
     </span>
    </p>

    <p class='ocr_par' dir='ltr' id='par_1_12' title="bbox 253 4082 1228 4330">
     <span class='ocr_line' id='line_1_20' title="bbox 253 4082 1228 4193; baseline 0 -29"><span class='ocrx_word' id='word_1_127' title='bbox 253 4087 353 4191; x_wconf 73' lang='lat' dir='ltr'><strong>Quis</strong></span> <span class='ocrx_word' id='word_1_128' title='bbox 385 4113 460 4192; x_wconf 88' lang='lat' dir='ltr'><strong>ego</strong></span> <span class='ocrx_word' id='word_1_129' title='bbox 490 4112 562 4193; x_wconf 91' lang='lat' dir='ltr'><strong>pro</strong></span> <span class='ocrx_word' id='word_1_130' title='bbox 594 4082 708 4165; x_wconf 85' lang='lat' dir='ltr'><strong>factis</strong></span> <span class='ocrx_word' id='word_1_131' title='bbox 740 4085 897 4167; x_wconf 87' lang='lat' dir='ltr'><strong>caelesti</strong></span> <span class='ocrx_word' id='word_1_132' title='bbox 929 4086 1080 4166; x_wconf 89' lang='lat' dir='ltr'><strong>reddita</strong></span> <span class='ocrx_word' id='word_1_133' title='bbox 1111 4103 1228 4165; x_wconf 89' lang='lat' dir='ltr'><strong>coetu</strong></span> 
     </span>
     <span class='ocr_line' id='line_1_21' title="bbox 308 4249 1160 4330; baseline 0.002 -3"><span class='ocrx_word' id='word_1_134' title='bbox 308 4251 481 4328; x_wconf 89' lang='lat' dir='ltr'><strong>Pristina</strong></span> <span class='ocrx_word' id='word_1_135' title='bbox 511 4268 603 4328; x_wconf 92' lang='lat' dir='ltr'><strong>vota</strong></span> <span class='ocrx_word' id='word_1_136' title='bbox 634 4277 743 4329; x_wconf 90' lang='lat' dir='ltr'><strong>novo</strong></span> <span class='ocrx_word' id='word_1_137' title='bbox 777 4278 943 4330; x_wconf 88' lang='lat' dir='ltr'><strong>munere</strong></span> <span class='ocrx_word' id='word_1_138' title='bbox 974 4249 1160 4330; x_wconf 92' lang='lat' dir='ltr'><strong>dissoluo.</strong></span> 
     </span>
    </p>

    <p class='ocr_par' dir='ltr' id='par_1_13' title="bbox 251 4414 1128 4521">
     <span class='ocr_line' id='line_1_22' title="bbox 251 4414 1128 4521; baseline 0.002 -29"><span class='ocrx_word' id='word_1_139' title='bbox 251 4415 392 4507; x_wconf 90' lang='lat' dir='ltr'><strong>Invita,</strong></span> <span class='ocrx_word' id='word_1_140' title='bbox 425 4443 449 4493; x_wconf 94' lang='lat' dir='ltr'><strong>o</strong></span> <span class='ocrx_word' id='word_1_141' title='bbox 482 4414 628 4521; x_wconf 88' lang='lat' dir='ltr'><strong>regina,</strong></span> <span class='ocrx_word' id='word_1_142' title='bbox 661 4433 731 4494; x_wconf 91' lang='lat' dir='ltr'><strong>tuo</strong></span> <span class='ocrx_word' id='word_1_143' title='bbox 763 4414 812 4494; x_wconf 88' lang='lat' dir='ltr'><strong>de</strong></span> <span class='ocrx_word' id='word_1_144' title='bbox 845 4416 987 4494; x_wconf 86' lang='lat' dir='ltr'><strong>vertice</strong></span> <span class='ocrx_word' id='word_1_145' title='bbox 1018 4415 1128 4510; x_wconf 91' lang='lat' dir='ltr'><strong>cessi,</strong></span> 
     </span>
    </p>
   </div>
   <div class='ocr_carea' id='block_1_6' title="bbox 307 4579 1168 4688">
    <p class='ocr_par' dir='ltr' id='par_1_14' title="bbox 307 4579 1168 4688">
     <span class='ocr_line' id='line_1_23' title="bbox 307 4579 1168 4688; baseline 0.003 -32"><span class='ocrx_word' id='word_1_146' title='bbox 307 4579 466 4657; x_wconf 88' lang='lat' dir='ltr'><strong>Invita:</strong></span> <span class='ocrx_word' id='word_1_147' title='bbox 499 4579 634 4658; x_wconf 87' lang='lat' dir='ltr'><strong>adiuro</strong></span> <span class='ocrx_word' id='word_1_148' title='bbox 664 4597 780 4686; x_wconf 90' lang='lat' dir='ltr'><strong>teque</strong></span> <span class='ocrx_word' id='word_1_149' title='bbox 811 4598 1005 4688; x_wconf 90' lang='lat' dir='ltr'><strong>tuumque</strong></span> <span class='ocrx_word' id='word_1_150' title='bbox 1036 4596 1168 4688; x_wconf 90' lang='lat' dir='ltr'><strong>caput,</strong></span> 
     </span>
    </p>
   </div>
   <div class='ocr_carea' id='block_1_7' title="bbox 0 0 1880 5460">
    <p class='ocr_par' dir='ltr' id='par_1_15' title="bbox 0 0 1880 5460">
     <span class='ocr_line' id='line_1_24' title="bbox 0 0 1880 5460; baseline 0 0"><span class='ocrx_word' id='word_1_151' title='bbox 0 0 1880 5460; x_wconf 95' lang='lat' dir='ltr'><strong> </strong></span> 
     </span>
    </p>
   </div>
  </div>
 </body>
</html>
