3750 5460
996 884 1072 959 104

423 1075 533 1180 ‘Qui
563 1083 751 1183 possum?
780 1102 901 1154 nemo
930 1075 1085 1183 quaerit
1114 1103 1188 1153 nec
1216 1077 1315 1154 scire
1345 1075 1522 1156 laborat.'

478 1241 564 1319 Nos
595 1240 810 1320 volumus:
843 1238 957 1319 nobis
978 1239 1108 1318 dicere
1138 1267 1188 1319 ne
1218 1239 1369 1321 dubita.

420 1406 632 1485 ‘Primum
662 1406 797 1511 igitur,
828 1405 940 1511 virgo
970 1405 1079 1512 quod
1107 1402 1235 1484 fertur
1263 1406 1406 1485 tradita
1434 1405 1563 1502 nobis,

318 1598 360 1647 20
475 1570 636 1649 Falsum
665 1588 734 1649 est.
790 1570 885 1648 Non
916 1569 1025 1647 illam
1055 1571 1114 1649 vir
1142 1571 1249 1678 prior
1278 1571 1463 1679 attigerit,

418 1735 663 1840 Languidior
691 1753 823 1813 tenera
852 1735 916 1813 cui
945 1735 1120 1842 pendens
1150 1735 1273 1814 sicula
1302 1733 1393 1814 beta

475 1899 716 2007 Numquam
745 1926 786 1978 se
817 1899 992 1978 mediam
1021 1899 1181 1978 sustulit
1211 1900 1260 1978 ad
1292 1902 1497 1980 tunicam:

419 2064 494 2142 Sed
523 2082 634 2171 pater
662 2063 767 2142 illius
798 2065 907 2170 gnati
938 2062 1099 2143 violasse
1129 2063 1262 2142 cubile

473 2230 633 2307 Dicitur
662 2247 702 2308 et
731 2231 916 2307 miseram
947 2228 1227 2307 conscelerasse
1258 2229 1440 2323 domum,

316 2400 355 2467 ²5
417 2388 504 2467 Sive
534 2389 643 2495 quod
671 2389 779 2496 inpia
808 2416 919 2467 mens
950 2416 1068 2467 caeco
1092 2387 1282 2496 flagrabat
1311 2417 1459 2485 amore,

471 2552 548 2630 Seu
577 2552 685 2659 quod
714 2553 814 2631 iners
843 2552 964 2631 sterili
993 2554 1145 2631 semine
1174 2572 1287 2633 natus
1322 2573 1418 2649 erat,

423 2716 476 2794 Et
505 2716 750 2822 quaerendus
781 2718 811 2795 is
843 2717 948 2795 unde
978 2715 1081 2795 foret
1110 2719 1311 2797 nervosius
1342 2718 1456 2812 illud,

471 2880 590 2985 Quod
614 2900 743 2989 posset
771 2910 916 2960 zonam
945 2881 1096 2960 solvere
1127 2883 1374 2989 virgineam'

413 3048 634 3154 Egregium
664 3074 793 3126 narras
825 3048 925 3126 mira
953 3048 1099 3155 pietate
1127 3065 1347 3155 parentem,

313 3240 355 3303 30
470 3209 551 3315 Qui
582 3213 663 3319 ipse
692 3213 754 3290 sui
783 3212 893 3318 gnati
924 3212 1112 3290 minxerit
1142 3213 1182 3289 in
1214 3213 1428 3318 gremium.

412 3376 565 3482 ‘Atqui
595 3404 675 3455 non
704 3376 835 3455 solum
865 3373 944 3455 hoc
973 3404 1013 3454 se
1042 3376 1138 3455 dicit
1168 3378 1378 3483 cognitum
1407 3374 1552 3457 habere

469 3541 603 3618 Brixia
633 3538 811 3619 Chineae
840 3542 1042 3648 supposita
1071 3541 1271 3648 speculae,

413 3706 556 3784 Flavus
588 3734 709 3814 quam
739 3705 852 3784 molli
880 3707 1072 3814 percurrit
1102 3704 1267 3784 flumine
1301 3706 1442 3799 Mella,

469 3873 603 3950 Brixia
632 3872 811 3951 Veronae
842 3891 968 3952 mater
997 3889 1128 3952 amata
1158 3901 1284 3967 meae,

314 4047 351 4114 35
415 4038 489 4116 Sed
518 4036 567 4115 de
598 4038 807 4116 Postumio
838 4057 878 4116 et
910 4039 1075 4118 Corneli
1104 4058 1235 4118 narrat
1265 4067 1412 4133 amore,

470 4205 580 4281 Cum
610 4202 752 4311 quibus
783 4202 850 4281 illa
878 4204 1033 4282 malum
1060 4202 1156 4283 fecit
1185 4203 1436 4284 adulterium.

414 4367 573 4445 Dixerit
600 4364 667 4446 hic
696 4368 857 4476 aliquis:
888 4370 1012 4477 quid?
1042 4388 1086 4448 tu
1115 4370 1245 4468 istaec,
1274 4370 1402 4463 ianua,
1432 4370 1565 4448 nosti?

471 4536 551 4614 Cui
580 4562 801 4641 numquam
831 4536 983 4614 domini
1011 4535 1150 4616 limine
1185 4535 1317 4616 abesse
1346 4535 1454 4630 licet,
