3750 5528
1497 4 1856 382 μ

975 902 1051 1006 146

408 1115 542 1194 Inbuit
571 1117 759 1224 iussitque
789 1115 988 1195 mundum
1016 1142 1129 1195 nosse
1159 1115 1343 1195 nascendi
1371 1116 1464 1196 vias.

408 1280 505 1358 Cras
537 1299 642 1359 amet
670 1282 739 1387 qui
768 1307 990 1388 numquam
1020 1280 1166 1360 amavit
1195 1280 1343 1388 quique
1368 1280 1514 1360 amavit
1532 1306 1615 1360 cras

463 1464 580 1524 amet.

408 1800 498 1907 Ipsa
527 1799 720 1876 Troianos
751 1816 913 1905 nepotes
943 1797 983 1875 in
1016 1798 1177 1876 Latinos
1208 1793 1416 1889 transtulit,

351 1981 394 2045 70
407 1964 495 2071 Ipsa
528 1964 765 2040 Laurentem
795 1961 968 2070 puellam
998 1963 1212 2068 coniugem
1240 1979 1333 2040 nato
1361 1958 1483 2055 dedit,

410 2127 526 2204 Vnde
558 2127 731 2204 Ramnes
763 2144 802 2204 et
834 2126 1008 2231 Quirites
1038 2153 1188 2234 proque
1217 2123 1326 2233 prole
1355 2142 1559 2232 posterum

408 2291 572 2369 Romuli
602 2310 770 2370 matrem
800 2311 947 2369 crearet
976 2310 1015 2370 et
1048 2309 1235 2398 nepotem
1267 2290 1500 2380 Caesarem;

408 2454 591 2560 Moxque
623 2454 747 2532 Marti
777 2454 826 2532 de
855 2454 996 2533 sacello
1026 2454 1092 2532 dat
1121 2452 1307 2561 pudicam
1336 2451 1544 2558 virginem,

408 2615 622 2693 Romuleas
653 2616 735 2724 ipsa
763 2614 859 2695 fecit
888 2645 983 2696 cum
1016 2616 1165 2696 Sabinis
1195 2616 1362 2725 nuptias.

351 2790 390 2856 75
409 2782 504 2858 Cras
536 2799 640 2858 amet
660 2782 729 2886 qui
759 2808 979 2888 numquam
1009 2782 1154 2860 amavit
1184 2780 1332 2886 quique
1363 2777 1509 2857 amavit
1533 2744 1618 2857 cras

463 2964 580 3024 amet.

408 3274 515 3351 Rura
543 3271 730 3351 fecundat
761 3272 953 3381 voluptas,
990 3302 1079 3353 rura
1111 3276 1311 3355 Venerem
1343 3276 1543 3369 sentiunt;

408 3437 494 3545 Ipse
526 3440 656 3515 Amor
687 3466 787 3546 puer
821 3439 976 3517 Dionae
1010 3467 1096 3517 rure
1126 3458 1239 3519 natus
1273 3440 1428 3520 dicitur.

408 3603 531 3679 Hunc
567 3628 658 3706 ager
691 3629 785 3679 cum
816 3604 1038 3710 parturiret,
1070 3604 1152 3711 ipsa
1185 3605 1357 3712 suscepit
1386 3605 1489 3698 sinu,

408 3761 495 3866 Ipsa
526 3758 669 3839 florum
701 3758 874 3839 delicatis
907 3762 1088 3841 educavit
1119 3762 1273 3842 osculis.

351 3936 393 3996 80
406 3926 501 4002 Cras
523 3944 628 4003 amet
654 3927 723 4033 qui
752 3954 974 4034 numquam
1004 3928 1152 4006 amavit
1183 3928 1332 4036 quique
1357 3927 1504 4007 amavit
1530 3954 1612 4007 cras

464 4108 581 4169 amet.

408 4429 510 4505 Ecce
542 4428 622 4504 iam
656 4426 789 4505 subter
819 4428 984 4534 genistas
1023 4427 1221 4537 explicant
1252 4425 1353 4504 tauri
1383 4424 1498 4521 latus,

409 4586 586 4693 Quisque
618 4605 725 4665 tutus
756 4614 837 4694 quo
869 4605 1025 4665 tenetur
1059 4585 1261 4693 coniugali
1293 4583 1462 4665 foedere.
