3750 5460
848 861 932 944 107

275 1051 410 1130 Multa
438 1053 527 1131 satis
557 1052 662 1132 lusi:
693 1081 773 1132 non
806 1072 863 1132 est
892 1053 966 1133 dea
996 1055 1126 1133 nescia
1156 1053 1294 1148 nostri,

333 1215 446 1321 Quae
476 1216 637 1296 dulcem
667 1220 770 1297 curis
801 1219 942 1298 miscet
972 1219 1227 1298 amaritiem:

279 1382 355 1460 Sed
408 1400 541 1460 totum
598 1379 678 1460 hoc
735 1383 915 1461 studium
962 1381 1075 1461 luctu
1132 1380 1303 1461 fraterna
1362 1377 1464 1459 mihi

396 1574 505 1625 mors

337 1709 528 1792 Abstulit.
551 1710 602 1790 ‘O
634 1712 778 1789 misero
810 1709 931 1790 frater
960 1710 1143 1820 adempte
1173 1708 1289 1805 mihi,

280 1875 349 1953 Tu
378 1902 469 1952 mea
497 1894 541 1953 tu
573 1876 746 1954 moriens
775 1873 928 1982 fregisti
957 1875 1183 1970 commoda,
1213 1873 1349 1969 frater,

337 2039 495 2117 Tecum
527 2067 605 2117 una
633 2058 716 2119 tota
744 2058 801 2119 est
830 2058 965 2119 nostra
993 2040 1146 2148 sepulta
1173 2039 1332 2132 domus,

291 2205 443 2282 Omnia
473 2223 607 2282 tecum
638 2231 718 2282 una
745 2205 947 2312 perierunt
977 2205 1121 2311 gaudia
1150 2223 1297 2299 nostra,

341 2369 453 2473 Quae
484 2386 574 2447 tuus
604 2369 646 2446 in
677 2369 757 2448 vita
785 2368 912 2448 dulcis
944 2367 1072 2447 alebat
1102 2397 1227 2450 amor.

284 2537 409 2614 Cuius
440 2561 518 2640 ego
547 2535 710 2612 interitu
741 2553 823 2613 tota
852 2536 900 2614 de
931 2553 1065 2613 mente
1094 2534 1230 2661 fugavi

338 2701 453 2778 Haec
482 2699 614 2779 studia
634 2718 753 2807 atque
784 2701 915 2778 omnis
946 2700 1105 2778 delicias
1136 2699 1274 2779 animi.

283 2863 430 2968 Quare,
460 2863 567 2971 quod
596 2861 732 2942 scribis
763 2865 968 2943 ‘Veronae
998 2881 1125 2970 turpe,
1160 2862 1333 2957 Catulle,

340 3029 445 3121 Esse,
475 3025 582 3134 quod
613 3023 693 3121 hic,
724 3026 900 3134 quisquis
932 3025 980 3104 de
1010 3025 1175 3105 meliore
1204 3044 1299 3105 nota
1328 3044 1400 3121 est,

283 3192 446 3299 Frigida
476 3191 627 3270 deserto
659 3188 843 3300 tepefecit
872 3190 1055 3270 membra
1084 3189 1234 3288 cubili,’

341 3355 401 3449 Id,
418 3332 564 3449 Mani,
595 3383 675 3434 non
706 3374 763 3434 est
793 3373 920 3464 turpe,
951 3356 1076 3463 magis
1106 3356 1299 3435 miserum
1329 3374 1399 3434 est.

284 3522 469 3627 Ignosces
500 3520 635 3627 igitur,
665 3520 708 3612 si,
739 3547 840 3627 quae
869 3516 973 3598 mihi
1002 3518 1132 3598 luctus
1163 3519 1325 3612 ademit,

342 3680 457 3758 Haec
487 3679 560 3758 tibi
590 3707 669 3758 non
701 3679 833 3758 tribuo
864 3706 1043 3774 munera,
1073 3707 1167 3759 cum
1197 3706 1368 3787 neque0.

285 3844 410 3938 Nam,
441 3843 550 3952 quod
592 3844 831 3952 scriptorum
872 3872 953 3923 non
983 3870 1129 3951 magna
1159 3860 1218 3922 est
1246 3843 1362 3951 copia
1391 3843 1495 3953 apud

401 4038 480 4102 me,

345 4170 439 4249 Hoc
469 4170 528 4264 fit,
558 4169 668 4278 quod
704 4170 861 4249 Romae
895 4168 1095 4249 vivimus:
1126 4167 1194 4247 illa
1222 4166 1379 4263 domus,

289 4331 362 4410 Illa
391 4328 494 4409 mihi
526 4330 648 4425 sedes,
682 4328 764 4409 illic
798 4358 887 4409 mea
915 4329 1090 4438 carpitur
1119 4345 1249 4407 aetas:

346 4495 444 4574 Huc
473 4522 551 4574 una
581 4521 632 4572 ex
662 4494 799 4575 multis
833 4492 992 4603 capsula
1023 4519 1088 4570 me
1122 4490 1312 4600 sequitur.
