1156 1692
601 398 640 418 ¹44

315 444 352 468 Ite,
369 444 485 472 Nymphae,
501 445 567 472 posuit
584 452 645 469 arma,
661 445 740 466 feriatus
757 451 786 467 est
800 447 878 467 Amor:

315 485 381 505 Iussus
398 490 427 506 est
442 486 523 506 inermis
541 486 576 510 ire,
592 486 657 507 nudus
672 486 701 507 ire
718 487 780 507 iussus
796 491 832 511 est,
859 491 862 494 ·

315 527 363 546 Neu
378 527 426 554 quid
443 534 489 547 arcu
504 534 544 547 neu
560 528 631 555 sagitta
646 535 686 548 neu
701 528 750 555 quid
765 529 813 556 igne
828 528 923 549 laederet.

316 568 353 587 Sed
364 573 429 588 tamen
437 568 545 596 Nymphae
555 574 629 593 cavete,
638 569 692 596 quod
700 569 781 597 Cupido
788 569 873 597 pulcher
881 574 923 590 est:

287 612 306 629 3⁵
315 609 349 629 Est
365 609 385 629 in
400 609 459 629 armis
475 614 527 629 totus
545 609 599 629 idem
615 610 694 637 quando
711 610 777 630 nudus
793 615 822 630 est
835 611 907 631 Amor.

315 650 363 670 Cras
377 654 430 670 amet
439 650 473 677 qui
490 657 602 677 numquam
614 651 687 671 amavit
701 651 776 678 quique
792 651 866 671 amavit
881 658 924 672 cras

342 696 394 711 amet
397 707 401 712 .

314 779 403 806 Conpari
422 779 488 799 Venus
504 779 581 806 pudore
600 779 662 799 mittit
679 779 704 799 ad
718 784 738 799 te
755 780 849 807 virgines.

313 822 357 841 Vna
372 827 401 841 res
417 825 446 840 est
461 827 522 848 quam
536 827 645 847 rogamus:
661 820 716 844 cede,
728 821 785 848 virgo
798 820 864 845 Delia,

313 863 341 882 Vt
355 869 425 882 nemus
442 862 467 882 sit
484 862 611 882 incruentum
628 861 653 881 de
668 861 734 882 ferinis
751 862 854 889 stragibus,

282 908 306 924 40
313 905 338 924 Et
356 903 467 923 recentibus
483 903 568 923 virentes
581 903 640 923 ducat
653 903 732 923 umbras
748 903 834 923 floribus.

312 945 356 973 Ipsa
372 945 431 965 vellet
447 950 466 964 te
483 951 558 971 rogare,
573 944 589 964 si
604 944 697 972 pudicam
713 944 806 968 flecteret,

312 987 358 1014 Ipsa
373 986 433 1006 vellet
451 991 473 1006 ut
489 986 571 1009 venires,
588 985 604 1005 si
618 985 695 1005 deceret
713 986 817 1013 virginem.

311 1028 355 1047 Iam
371 1027 432 1047 tribus
450 1026 521 1047 choros
538 1027 612 1046 videres
629 1026 716 1046 feriantis
733 1026 824 1047 noctibus

312 1069 427 1096 Congreges
443 1068 494 1088 inter
511 1072 596 1088 catervas
613 1068 641 1087 ire
650 1074 685 1095 per
701 1067 761 1087 saltus
777 1073 828 1092 tuos,

281 1114 302 1130 45
311 1110 390 1130 Floreas
406 1110 459 1129 inter
474 1116 562 1132 coronas,
577 1113 662 1136 myrteas
680 1109 730 1128 inter
746 1115 804 1128 casas.

311 1151 356 1171 Nec
371 1151 431 1171 Ceres
446 1158 483 1171 nec
497 1149 587 1170 Bacchus
602 1150 672 1170 absunt
686 1157 723 1170 nec
736 1154 840 1177 poenarum
853 1149 909 1170 deus.

310 1192 424 1213 Detinenda
440 1197 498 1213 nocte
516 1197 558 1212 tota
573 1196 602 1211 est
617 1191 719 1219 pervigilia
734 1191 831 1211 canticis:

310 1234 389 1260 Regnet
406 1234 426 1253 in
442 1233 494 1253 silvis
514 1233 597 1253 Dione:
618 1238 640 1253 tu
656 1233 731 1256 recede,
749 1232 814 1253 Delia.

310 1275 359 1294 Cras
371 1279 425 1295 amet
437 1275 472 1302 qui
484 1281 596 1301 numquam
612 1274 685 1294 amavit
701 1274 775 1302 quique
791 1274 864 1294 amavit
875 1280 918 1294 cras

338 1321 397 1336 alnet-
