3750 5528
822 859 896 938 1ยน5

793 1227 943 1305 LXXI.

255 1445 295 1524 Si
325 1445 389 1522 cui
421 1444 504 1522 iure
535 1442 643 1521 bono
677 1471 785 1522 sacer
816 1442 967 1522 alarum
999 1440 1153 1521 obstitit
1183 1438 1329 1535 hircus,

312 1611 396 1687 Aut
427 1610 459 1686 si
485 1637 606 1715 quem
640 1610 782 1687 merito
815 1608 925 1686 tarda
958 1607 1135 1716 podagra
1160 1625 1278 1699 secat,

256 1770 450 1850 Aemulus
485 1772 556 1849 iste
587 1789 692 1865 tuus,
725 1771 795 1879 qui
826 1787 1002 1849 vestrum
1034 1787 1193 1847 exercet
1224 1794 1418 1863 amorem,

316 1934 494 2014 Mirifico
526 1954 584 2014 est
614 1933 698 2015 fato
732 1953 871 2014 nactus
904 1953 1124 2042 utrumque
1159 1932 1325 2012 malum.

261 2101 370 2179 Nam
402 2100 581 2207 quotiens
615 2097 754 2194 futuit,
790 2101 933 2178 totiens
966 2099 1168 2178 ulciscitur
1201 2097 1363 2177 ambos:

318 2262 433 2341 Illam
469 2260 611 2370 affligit
642 2263 775 2358 odore,
807 2264 888 2371 ipse
922 2263 1025 2371 perit
1055 2261 1242 2371 podagra.

781 2946 955 3025 LXXII.

273 3160 446 3240 Dicebas
478 3162 680 3269 quondam
699 3161 830 3241 solum
862 3179 902 3239 te
940 3187 1053 3240 nosse
1086 3160 1309 3256 Catullum,

328 3324 481 3421 Lesbia,
516 3354 589 3404 nec
621 3354 713 3435 prae
745 3354 810 3403 me
843 3325 944 3404 velle
977 3342 1109 3404 tenere
1141 3327 1293 3406 Iovem.

272 3488 409 3567 Dilexi
441 3509 528 3568 tum
561 3509 599 3569 te
631 3518 710 3569 non
744 3509 901 3569 tantum
933 3509 977 3569 ut
1010 3489 1152 3596 vulgus
1187 3489 1370 3583 amicam,

330 3653 404 3731 Sed
436 3672 546 3762 pater
572 3672 617 3732 ut
636 3673 774 3761 gnatos
808 3653 940 3760 diligit
974 3671 1014 3732 et
1048 3680 1226 3761 generos,

274 3811 397 3891 Nunc
426 3832 465 3890 te
493 3815 691 3919 cognovi:
723 3841 844 3922 quare
874 3813 947 3892 etsi
977 3814 1195 3923 impensius
1226 3841 1331 3909 uror,

334 3975 471 4054 Multo
501 3978 558 4054 mi
588 3996 720 4055 tamen
751 4005 789 4056 es
820 3978 936 4057 vilior
965 3996 1004 4056 et
1033 3976 1168 4056 levior.

278 4139 360 4244 Qui
389 4139 490 4247 potis
521 4143 612 4219 esti
643 4141 782 4249 inquis.
817 4140 937 4245 Quod
967 4158 1168 4219 amantem
1196 4139 1340 4218 iniuria
1368 4139 1452 4219 talis

335 4304 459 4411 Cogit
488 4331 618 4385 amare
648 4306 788 4413 magis,
816 4305 884 4386 sed
913 4303 1013 4385 bene
1044 4303 1143 4384 velle
1171 4303 1316 4383 minus.
