3750 5460
817 860 863 939 81

237 1079 365 1157 Hunc
394 1077 515 1157 simul
545 1105 590 1156 ac
619 1078 765 1187 cupido
795 1080 1001 1188 conspexit
1028 1078 1182 1158 lumine
1212 1081 1346 1188 virgo:

239 1244 378 1349 Regia,
409 1270 532 1350 quam
561 1244 688 1322 suavis
719 1243 897 1351 expirans
928 1263 1054 1322 castus
1084 1245 1220 1324 odores

244 1407 431 1486 Lectulus
463 1410 502 1486 in
533 1406 647 1485 molli
675 1406 871 1515 conplexu
905 1410 1038 1487 matris
1069 1407 1209 1501 alebat,

246 1569 389 1675 Quales
421 1573 590 1650 Eurotae
620 1571 869 1678 progignunt
897 1570 1064 1650 flumina
1093 1590 1244 1680 myrtus
1473 1596 1517 1658 90

243 1735 401 1814 Aurave
432 1733 633 1813 distinctos
664 1735 798 1814 educit
827 1762 945 1813 verna
973 1734 1136 1828 colores,

246 1900 343 1977 Non
374 1899 482 2008 prius
512 1927 562 1977 ex
582 1898 650 1978 illo
679 1898 882 2007 flagrantia
911 1898 1121 1978 declinavit

244 2063 430 2156 Lumina,
461 2091 582 2169 quarn
612 2081 759 2142 cuncto
789 2065 973 2172 concepit
1002 2092 1164 2173 corpore
1200 2063 1402 2144 flammam

244 2227 437 2306 Funditus
468 2245 583 2334 atque
613 2229 701 2306 imis
731 2228 872 2305 exarsit
904 2245 986 2306 tota
1015 2226 1210 2306 medullis.

245 2391 341 2468 Heu
372 2391 512 2468 misere
542 2391 742 2497 exagitans
773 2390 905 2468 inmiti
933 2389 1050 2469 corde
1079 2387 1230 2469 furores
1474 2423 1514 2490 95

246 2558 383 2634 Sancte
412 2582 523 2663 puer,
552 2555 653 2633 curis
682 2551 897 2633 hominum
927 2555 997 2659 qui
1027 2554 1170 2660 gaudia
1199 2555 1352 2649 misces,

246 2720 437 2827 Quaeque
467 2720 567 2825 regis
599 2718 753 2823 Golgos
783 2745 962 2825 quaeque
992 2716 1164 2796 Idalium
1193 2715 1440 2814 frondosum,

246 2882 439 2988 Qualibus
473 2885 672 2961 incensam
702 2883 866 2962 iactastis
898 2903 1031 2962 mente
1059 2883 1233 2993 puellam

243 3046 450 3126 Fluctibus
483 3049 523 3125 in
562 3045 664 3126 flavo
696 3074 810 3154 saepe
846 3043 1002 3156 hospite
1022 3049 1306 3155 suspirantem!

246 3210 423 3315 Quantos
454 3209 521 3288 illa
550 3209 641 3289 tulit
670 3209 874 3316 languenti
906 3210 1022 3288 corde
1056 3210 1238 3289 timores!
1477 3235 1539 3286 roo

247 3373 408 3477 Quanto
437 3402 551 3483 saepe
581 3376 706 3480 magis
736 3373 891 3481 fulgore
922 3373 1112 3484 expalluit
1140 3374 1249 3453 auri!

247 3540 356 3616 Cum
385 3566 547 3617 saevum
577 3539 739 3646 cupiens
769 3559 904 3618 contra
933 3538 1170 3617 contendere
1201 3559 1426 3619 monstrum

246 3704 329 3780 Aut
358 3723 529 3781 mortem
560 3721 757 3810 appeteret
786 3699 964 3783 Theseus
995 3724 1062 3782 aut
1090 3706 1263 3814 praemia
1291 3704 1429 3785 laudis.

246 3867 343 3944 Non
373 3867 525 3972 ingrata
554 3884 685 3944 tamen
715 3863 857 3946 frustra
886 3868 1122 3947 munuscula
1150 3868 1247 3948 divis

245 4030 485 4108 Promittens
517 4030 635 4107 tacito
664 4030 865 4109 succendit
894 4049 985 4111 vota
1013 4031 1169 4116 labello.
1476 4059 1532 4127 105

244 4195 354 4274 Nam
384 4194 561 4273 velutin
590 4221 751 4273 summo
780 4197 1024 4302 quatientem
1055 4194 1214 4276 brachia
1242 4198 1379 4277 Tauro

246 4358 451 4462 Quercum
481 4378 548 4437 aut
577 4361 805 4466 conigeram
833 4360 991 4440 sudanti
1020 4363 1164 4442 cortice
1193 4363 1335 4471 pinum
1428 4362 1429 4366 ’

243 4522 464 4602 Indomitus
495 4522 610 4602 turbo
641 4541 902 4631 contorquens
932 4524 1090 4605 flamine
1123 4525 1244 4606 robur

1258 4715 1287 4768 G
