3750 5528
1010 952 1060 1030 26

374 1230 417 1277 20
543 1203 632 1282 Nec
661 1221 745 1280 toto
776 1200 900 1279 decies
931 1225 1038 1278 cacas
1069 1199 1108 1276 in
1140 1225 1257 1291 ann0,

542 1368 676 1473 Atque
705 1364 747 1443 id
775 1363 907 1443 durius
937 1382 995 1442 est
1023 1359 1112 1441 faba
1142 1380 1181 1441 et
1208 1361 1375 1470 lapillis;

545 1528 665 1635 Quod
696 1528 800 1607 tusi
830 1525 1010 1605 manibus
1042 1544 1139 1605 teras
1168 1525 1373 1633 fricesque,

544 1692 640 1772 Non
671 1719 864 1799 umquam
894 1692 1065 1796 digitum
1095 1691 1298 1798 inquinare
1327 1691 1459 1799 possis.

545 1856 660 1935 Haec
690 1874 734 1933 tu
763 1855 974 1932 commoda
1005 1872 1085 1932 tam
1116 1853 1241 1948 beata,
1272 1854 1380 1948 Furi,

545 2018 643 2098 Noli
672 2046 853 2127 spernere
882 2046 956 2098 nec
984 2037 1120 2127 putare
1150 2020 1273 2127 parvi,

544 2186 595 2263 Et
623 2184 795 2263 sestertia
822 2211 922 2291 quae
951 2183 1049 2263 soles
1079 2184 1228 2292 precari

547 2349 724 2427 Centum
753 2348 915 2427 desine:
946 2375 1039 2426 nam
1069 2366 1126 2426 sat
1155 2375 1194 2427 es
1225 2346 1372 2426 beatus.

961 2929 1112 3008 XXIV.

548 3164 586 3241 Ο
618 3162 687 3269 qui
717 3159 898 3241 flosculus
929 3190 968 3241 es
1000 3163 1289 3259 Iuventiorum,

547 3324 643 3403 Non
674 3322 819 3403 horum
848 3326 983 3421 mod0,
1012 3328 1080 3406 sed
1109 3345 1208 3435 quot
1237 3346 1304 3407 aut
1333 3324 1493 3407 fuerunt

546 3490 630 3567 Aut
668 3486 831 3597 posthac
863 3489 944 3568 aliis
974 3508 1090 3569 erunt
1119 3491 1160 3568 in
1190 3491 1314 3587 annis,

549 3652 720 3731 Mallem
750 3652 901 3732 divitias
933 3652 1071 3731 Midae
1100 3653 1266 3733 dedisses

549 3816 631 3911 Isti,
661 3817 726 3896 cui
755 3844 883 3924 neque
912 3844 1041 3896 servus
1072 3836 1129 3896 est
1158 3845 1286 3925 neque
1316 3845 1415 3912 arca,

550 3979 683 4085 Quam
712 3981 767 4059 sic
797 3999 835 4058 te
863 3980 1006 4059 sineres
1036 3980 1084 4059 ab
1114 3980 1184 4059 illo
1213 3981 1347 4060 amari.

549 4145 685 4250 ‘Qui?
717 4172 797 4224 non
827 4162 885 4223 est
914 4142 1039 4224 homo
1068 4143 1193 4224 bellus
1212 4145 1254 4220 ?’
1285 4145 1451 4253 inquies.
1484 4146 1586 4225 Est:

549 4309 625 4390 Sed
655 4308 760 4388 bello
790 4306 885 4389 huic
916 4337 1045 4419 neque
1076 4337 1206 4389 servus
1239 4329 1297 4390 est
1328 4338 1456 4418 neque
1488 4338 1585 4390 arca.

549 4475 642 4553 Hoc
677 4491 719 4552 tu
754 4502 875 4582 quam
906 4474 1016 4554 lubet
1050 4476 1159 4555 abice
1190 4475 1402 4583 elevaque:

384 4675 424 4724 10
550 4638 638 4719 Nec
666 4666 822 4718 servum
853 4657 984 4718 tamen
1016 4639 1082 4717 ille
1106 4637 1225 4718 habet
1254 4667 1381 4747 neque
1412 4667 1553 4719 arcam.
