3750 5460
980 984 1036 1068 74

296 1236 342 1299 40
401 1208 596 1287 Lustravit
625 1205 782 1287 aethera
811 1205 961 1302 album,
989 1207 1072 1286 sola
1100 1206 1211 1301 dura,
1242 1233 1350 1285 mare
1379 1204 1528 1302 ferum,

401 1372 636 1482 Pepulitque
665 1373 791 1452 noctis
822 1372 978 1451 umbras
1009 1372 1157 1479 vegetis
1186 1369 1455 1480 sonipedibus,

398 1536 462 1615 Ibi
492 1538 660 1617 Somnus
690 1538 866 1616 excitum
897 1536 1010 1615 Attin
1039 1533 1196 1643 fugiens
1226 1537 1326 1615 citus
1357 1534 1472 1617 abiit:

397 1701 636 1811 Trepidante
667 1729 761 1780 eum
791 1702 939 1809 recepit
968 1700 1040 1779 dea
1071 1698 1254 1780 Pasithea
1281 1701 1382 1783 sinu.

398 1866 461 1944 Ita
490 1865 539 1944 de
569 1867 702 1975 quiete
733 1865 847 1944 molli
877 1865 1010 1973 rapida
1038 1865 1121 1943 sine
1152 1862 1258 1943 rabie

398 2029 524 2109 Simul
554 2031 635 2139 ipse
665 2051 824 2139 pectore
854 2031 958 2109 Attis
988 2057 1058 2108 sua
1085 2026 1188 2108 facta
1217 2028 1395 2122 recoluit,

399 2195 646 2303 Liquidaque
677 2213 811 2274 mente
843 2194 941 2274 vidit
969 2194 1051 2273 sine
1082 2193 1169 2301 quis
1200 2192 1348 2303 ubique
1378 2192 1494 2289 foret,

397 2359 548 2437 Animo
578 2376 777 2438 aestuante
808 2385 945 2436 rusum
976 2356 1148 2436 reditum
1179 2358 1226 2437 ad
1256 2358 1353 2437 vada
1382 2359 1526 2438 tetulit.

397 2523 460 2601 lbi
489 2522 612 2602 maria
642 2541 747 2602 vasta
777 2522 902 2600 visens
932 2520 1226 2600 lacrimantibus
1257 2522 1395 2618 oculis,

398 2688 572 2767 Patriam
601 2687 771 2766 allocuta
799 2704 947 2765 maesta
975 2704 1032 2764 est
1061 2687 1115 2766 ita
1146 2715 1241 2766 voce
1271 2687 1474 2767 miscriter.

397 2851 554 2930 ‘Patria
583 2879 607 2931 o
637 2853 717 2930 mei
747 2852 926 2946 creatrix,
957 2853 1081 2961 patria
1110 2882 1135 2932 o
1166 2881 1254 2931 mea
1283 2855 1475 2960 genetrix,

397 3017 486 3122 Ego
516 3043 637 3123 quam
668 3016 787 3094 miser
816 3015 1054 3125 relinquens,
1085 3016 1266 3096 dominos
1297 3036 1341 3097 ut
1371 3015 1546 3126 erifugae

397 3180 430 3257 F
433 3180 557 3258 amuli
585 3180 725 3276 solent,
755 3181 803 3259 ad
835 3180 928 3258 Idae
959 3180 1073 3259 tetuli
1103 3208 1266 3260 nemora
1294 3181 1451 3289 pedem,

395 3343 451 3422 Vt
480 3362 574 3451 aput
603 3344 738 3422 nivem
769 3361 807 3421 et
836 3342 1010 3423 ferarum
1041 3345 1170 3451 gelida
1198 3345 1353 3426 stabula
1380 3345 1509 3426 forem

397 3507 449 3585 Et
477 3535 614 3586 earum
644 3508 780 3586 omnia
808 3508 958 3587 adirem
987 3508 1202 3589 furibunda
1230 3508 1422 3590 latibula?

394 3673 569 3752 Vbinam
599 3690 666 3751 aut
695 3672 837 3780 quibus
867 3673 963 3753 locis
996 3693 1031 3753 te
1060 3675 1244 3784 positam,
1274 3677 1411 3784 patria,
1443 3679 1565 3755 reor?

396 3838 521 3945 Cupit
551 3836 632 3946 ipsa
660 3836 810 3946 pupula
840 3836 888 3915 ad
919 3855 956 3916 te
986 3837 1060 3917 sibi
1089 3837 1264 3945 derigere
1295 3840 1435 3934 aciem,

396 3999 522 4078 Rabie
551 3998 633 4079 fera
662 4028 794 4079 carens
825 4000 924 4080 dum
954 4000 1070 4080 breve
1101 4019 1258 4111 tempus
1288 4003 1440 4082 animus
1470 4020 1538 4084 est.

396 4169 535 4274 Egone
565 4197 588 4247 a
616 4196 705 4248 mea
734 4188 887 4248 remota
916 4167 1012 4248 haec
1040 4167 1143 4248 ferar
1172 4169 1211 4247 in
1243 4197 1406 4249 nemora
1426 4169 1582 4249 domo?

397 4335 538 4430 Patria,
569 4333 695 4430 bonis,
725 4336 874 4431 amicis,
905 4334 1148 4441 genitoribus
1179 4332 1331 4413 aberoi

294 4518 339 4584 60
394 4499 530 4579 Abero
558 4498 660 4595 foro,
688 4500 889 4610 palaestra,
919 4499 1045 4579 stadio
1074 4518 1114 4578 et
1144 4499 1404 4607 guminasiis?

396 4664 557 4743 Misera
573 4664 702 4758 miser,
717 4662 963 4771 querendum
978 4680 1035 4741 est
1047 4662 1166 4741 etiam
1181 4680 1299 4768 atque
1313 4661 1448 4754 etiam,
1462 4660 1607 4740 anime.
