3750 5528
908 822 952 902 31

384 1035 540 1114 Eumne
571 1035 705 1116 Gallia
733 1056 772 1116 et
804 1039 918 1118 timet
949 1041 1186 1120 Britannia?
1553 1078 1596 1127 20

381 1198 490 1304 Quid
517 1196 627 1279 hunc
656 1201 808 1280 malum
837 1200 1009 1285 fovetis?
1041 1223 1110 1284 aut
1140 1206 1235 1313 quid
1264 1204 1330 1286 hic
1361 1226 1504 1316 potest,

380 1361 471 1441 Nisi
501 1382 619 1442 uncta
647 1363 833 1444 devorare
863 1367 1130 1473 patrimonia?

382 1526 493 1605 Eone
522 1528 684 1607 nomine
714 1528 818 1609 urbis
849 1559 874 1608 o
903 1532 1129 1639 potissimae

381 1691 497 1770 Socer
525 1718 723 1800 generque
752 1695 974 1803 perdidistis
1004 1698 1171 1776 omnia?

863 2455 996 2535 XXX.

324 2668 469 2750 Alfene
499 2672 696 2750 inmemor
725 2688 841 2778 atque
872 2672 1068 2751 unanimis
1098 2669 1193 2752 false
1221 2672 1432 2770 sodalibus,

328 2851 414 2930 Iam
444 2869 483 2930 te
513 2851 569 2930 nil
600 2851 772 2946 miseret,
804 2851 915 2946 dure,
946 2852 1005 2930 tui
1035 2852 1158 2933 dulcis
1189 2853 1376 2933 amiculi?

327 3015 413 3094 Iam
444 3043 520 3127 me
537 3015 714 3124 prodere,
744 3017 824 3093 iam
854 3042 933 3094 non
965 3016 1118 3096 dubitas
1147 3014 1294 3112 fallere,
1324 3018 1504 3127 perfide?

328 3179 419 3259 Nec
447 3178 551 3259 facta
575 3179 681 3287 inpia
699 3176 886 3258 fallacum
906 3176 1120 3259 hominum
1140 3180 1330 3260 caelicolis
1350 3180 1507 3290 placent
1527 3209 1537 3259 :

329 3342 448 3449 Quod
479 3363 522 3423 tu
552 3342 739 3450 neglegis,
770 3371 814 3422 ac
844 3371 909 3422 me
939 3344 1127 3422 miserum
1156 3344 1297 3424 deseris
1327 3345 1368 3423 in
1399 3345 1524 3425 malis.
1554 3348 1570 3416 5

328 3505 443 3587 Eheu
463 3508 558 3616 quid
577 3506 723 3586 faciant
743 3508 807 3587 dic
825 3504 1023 3601 homines,
1043 3510 1157 3587 cuive
1176 3505 1349 3587 habeant
1374 3508 1523 3588 fidem?

330 3673 449 3752 Certe
480 3691 563 3751 tute
592 3671 752 3751 iubebas
784 3672 958 3750 animam
989 3671 1152 3766 tradere,
1182 3672 1329 3779 inique,
1361 3700 1425 3751 me

331 3837 524 3916 inducens
555 3837 595 3914 in
625 3864 815 3930 amorem,
845 3837 954 3943 quasi
984 3855 1068 3915 tuta
1097 3836 1231 3914 omnia
1260 3837 1316 3914 mi
1345 3833 1489 3915 forent.

332 4002 444 4081 ldem
475 4029 581 4080 nunc
612 3998 771 4080 retrahis
802 4019 840 4078 te
870 4029 913 4080 ac
944 4019 1011 4079 tua
1040 4001 1143 4080 dicta
1173 4001 1308 4079 omnia
1337 3997 1518 4110 factaque

333 4167 483 4246 Ventos
514 4167 628 4245 inrita
655 4163 755 4243 ferre
786 4193 830 4243 ac
859 4164 1018 4242 nebulas
1050 4164 1165 4243 aerias
1195 4164 1299 4243 sinis.
1556 4179 1595 4227 10

333 4333 372 4410 Si
402 4351 446 4410 tu
475 4331 619 4411 oblitus
649 4358 702 4424 es,
733 4347 771 4408 at
800 4328 840 4407 di
870 4330 1149 4422 meminerunt,
1178 4326 1361 4405 meminit
1390 4327 1519 4421 Fides,
1634 4396 1646 4417 ,

334 4494 446 4600 Quae
476 4513 515 4574 te
544 4514 587 4574 ut
617 4494 814 4602 paeniteat
843 4492 1053 4601 postmodo
1082 4488 1176 4570 facti
1204 4489 1324 4569 faciet
1353 4489 1424 4568 tui.
