1156 1692
299 963 319 976 10

298 1169 315 1186 13

620 409 645 429 30

591 535 668 555 XXIX.

385 588 435 615 Quis
450 588 489 608 hoc
503 593 567 616 potest
583 588 654 612 videre,
669 589 712 616 quis
727 594 792 616 potest
806 590 853 617 pati,

384 629 429 649 Nisi
444 629 548 657 inpudicus
564 634 584 649 et
600 636 660 649 vorax
677 635 697 649 et
713 630 762 654 aleo,

384 670 510 690 Mamurram
525 670 598 690 habere
612 671 666 698 quod
682 670 767 691 Comata
782 671 849 692 Gallia

383 711 477 731 Habebat
491 717 536 732 ante
551 716 571 732 et
586 712 656 732 ultima
672 712 787 732 Britannia?

384 752 470 773 Cinaede
487 753 581 777 Romule,
597 752 645 773 haec
661 753 735 773 videbis
752 758 772 773 et
788 752 852 773 feres?

384 794 409 814 Et
425 794 458 814 ille
474 801 527 814 nunc
542 794 638 821 superbus
654 798 674 813 et
689 793 809 821 superfluens

383 835 530 855 Perambulabit
545 835 637 855 omnium
652 834 724 855 cubilia

382 875 409 895 Vt
424 875 500 895 albulus
515 875 620 895 columbus
636 880 669 895 aut
683 875 792 896 Adoneus?

383 916 470 937 Cinaede
486 917 579 940 Romule,
595 916 644 936 haec
660 916 733 937 videbis
751 921 771 937 et
785 916 851 937 feres?

382 958 407 977 Es
424 958 528 985 inpudicus
544 962 563 977 et
580 965 640 977 vorax
655 962 674 977 et
689 957 738 977 aleo.

382 999 438 1018 Eone
453 998 541 1022 nomine,
558 999 664 1026 imperator
679 999 744 1022 unice,

381 1040 444 1059 Fuisti
460 1040 479 1059 in
497 1039 566 1059 ultima
582 1040 688 1059 occidentis
704 1039 773 1063 insula,

382 1080 410 1100 Vt
425 1081 462 1100 ista
476 1085 539 1100 vostra
554 1080 648 1100 diffututa
663 1080 751 1100 mentula

381 1121 490 1141 Ducenties
505 1111 608 1141 comesset·
617 1126 650 1141 aut
666 1121 769 1141 trecenties
779 1122 786 1141 ?

382 1161 436 1187 Quid
451 1166 481 1181 est
496 1161 534 1181 alid
550 1161 626 1181 sinistra
641 1161 759 1181 liberalitas?

381 1203 454 1222 Parum
470 1203 577 1229 expatravit
593 1209 616 1222 an
633 1209 703 1229 parum
719 1201 818 1222 helluatus
833 1202 876 1222 est?

381 1243 464 1263 Paterna
479 1244 544 1271 prima
559 1244 656 1263 lancinata
665 1248 711 1263 sunt
728 1243 795 1263 bona:

379 1284 468 1304 Secunda
482 1284 552 1311 praeda
568 1284 665 1304 Pontica:
681 1284 727 1304 inde
742 1284 799 1304 tertia

380 1325 463 1349 Hibera,
478 1332 538 1352 quam
552 1325 589 1345 scit
603 1325 665 1345 amnis
681 1324 751 1345 aurifer
765 1325 838 1352 Tagus.
