3750 5460
849 1644 1020 1722 LXVII.

332 1897 369 1973 Ο
404 1893 511 1972 dulci
542 1892 715 1972 iucunda
744 1892 842 1988 vir0,
874 1893 1047 1971 iucunda
1081 1894 1246 2000 parenti,

388 2058 515 2150 Salve,
546 2075 663 2165 teque
693 2055 799 2136 bona
827 2058 1011 2165 Iuppiter
1040 2075 1170 2136 auctet
1198 2085 1288 2165 ope,

331 2221 467 2314 Ianua,
498 2247 620 2327 quam
650 2219 774 2299 Balbo
805 2221 944 2300 dicunt
972 2222 1131 2300 servisse
1161 2221 1346 2329 benigne,

391 2385 519 2479 Olim,
550 2412 644 2463 cum
674 2386 782 2464 sedes
814 2386 896 2494 ipse
927 2413 1048 2464 senex
1077 2388 1216 2488 tenuit,

334 2548 547 2655 Quamque
577 2545 712 2626 ferunt
742 2576 873 2627 rursus
905 2567 1000 2627 voto
1032 2549 1192 2627 servisse
1222 2549 1409 2656 maligne,
1634 2561 1650 2627 5

389 2709 606 2815 Postquam
638 2737 678 2788 es
709 2728 892 2817 porrecto
917 2707 1021 2786 facta
1050 2709 1192 2787 marita
1220 2736 1323 2788 sene.

334 2872 415 2950 Dic
446 2872 620 2979 agedum
649 2871 777 2967 nobis,
809 2901 930 2980 quare
956 2892 1110 2952 mutata
1137 2871 1270 2952 feraris

391 3037 438 3114 In
470 3036 684 3116 dominum
716 3057 891 3117 veterem
922 3038 1136 3117 deseruisse
1166 3038 1299 3117 fidem.

334 3198 457 3275 ‘Non
489 3196 561 3302 (ita
593 3197 770 3276 Caecilio
799 3197 991 3305 placeam,
1024 3199 1091 3276 cui
1122 3199 1262 3277 tradita
1289 3225 1397 3278 nunc
1416 3198 1526 3306 sum)

393 3359 523 3469 Culpa
554 3389 644 3439 mea
673 3380 744 3457 est,
776 3389 1022 3470 quamquam
1056 3361 1203 3441 dicitur
1225 3389 1307 3442 esse
1336 3391 1439 3460 mea,
1614 3403 1654 3452 10

336 3525 426 3604 Nec
467 3545 677 3633 peccatum
720 3554 836 3606 ame
881 3528 1091 3636 quisquam
1135 3545 1228 3637 pote
1267 3527 1396 3607 dicere
1437 3529 1551 3637 quic-

449 3715 571 3794 quam
595 3715 603 3765 :

393 3851 562 3945 Verum,
592 3854 622 3931 is
654 3881 740 3933 mos
769 3855 922 3964 populi,
953 3857 1071 3935 ianua
1099 3858 1247 3966 quippe
1275 3856 1381 3939 facit.

338 4014 433 4119 Qui,
464 4042 716 4124 quacumque
746 4018 895 4127 aliquid
925 4022 1116 4129 reperitur
1145 4049 1226 4101 non
1257 4021 1551 4121 benefactum,

392 4178 459 4257 Ad
488 4207 553 4258 me
583 4209 721 4260 omnes
751 4183 925 4263 clamant
954 4197 981 4230 “
993 4187 1122 4281 ianua,
1152 4187 1269 4298 culpa
1299 4207 1367 4268 tua
1394 4189 1513 4275 est.'''

336 4343 433 4421 Non
464 4344 564 4423 istuc
592 4348 682 4426 satis
711 4366 768 4427 est
799 4377 880 4429 uno
909 4367 947 4430 te
978 4350 1108 4431 dicere
1131 4351 1267 4450 verb0,

397 4506 471 4585 Sed
500 4505 628 4588 facere
658 4527 703 4589 ut
732 4512 858 4620 quivis
887 4516 1029 4595 sentiat
1057 4535 1097 4595 et
1127 4517 1266 4597 videat.
