3750 5460
823 1326 981 1404 XXIII.

470 1537 580 1639 Furi,
609 1539 674 1617 cui
704 1567 832 1647 neque
861 1568 993 1621 servus
1024 1561 1083 1622 est
1113 1571 1241 1651 neque
1272 1573 1360 1623 arca

469 1701 558 1781 Nec
587 1703 718 1782 cimex
747 1731 875 1813 neque
906 1733 1065 1787 araneus
1096 1735 1224 1815 neque
1254 1709 1369 1815 ignis,

470 1866 624 1946 Verum
652 1885 710 1946 est
739 1886 779 1946 et
807 1886 918 1977 pater
947 1888 986 1948 et
1015 1898 1196 1975 noverca,
1228 1900 1401 1980 quorum

471 2032 622 2110 Dentes
654 2032 715 2111 vel
745 2032 897 2113 silicem
926 2062 1100 2114 comesse
1129 2055 1306 2145 possunt,

472 2196 541 2274 Est
570 2194 736 2304 pulchre
767 2196 838 2275 tibi
868 2225 962 2277 cum
992 2216 1062 2277 tuo
1090 2219 1250 2309 parente

474 2362 649 2440 Etcum
680 2361 853 2468 coniuge
883 2362 1014 2468 lignea
1042 2363 1226 2471 parentis.

468 2522 559 2603 Nec
588 2524 765 2602 mirum:
798 2523 898 2603 bene
928 2552 1020 2604 nam
1051 2525 1185 2605 valetis
1215 2554 1366 2621 omnes,

468 2685 639 2768 Pulchre
668 2689 927 2795 concoquitis,
958 2686 1061 2767 nihil
1093 2690 1252 2786 timetis,

466 2851 563 2931 Non
594 2851 788 2947 incendia,
818 2880 899 2931 non
931 2879 1066 2959 graves
1098 2853 1241 2948 ruinas,

467 3017 563 3097 Non
592 3014 696 3097 furta
724 3019 844 3126 inpia,
875 3047 955 3097 non
987 3017 1098 3097 dolos
1130 3020 1284 3114 veneni,

470 3185 566 3264 Non
598 3212 707 3272 casus
738 3184 832 3264 alios
863 3185 1143 3293 periculorum.

468 3348 593 3456 Atqui
622 3375 786 3456 corpora
814 3348 976 3427 sicciora
1005 3376 1128 3427 cornu

467 3516 552 3593 Aut
580 3512 711 3620 siquid
741 3513 866 3619 magis
898 3512 1054 3591 aridum
1084 3529 1142 3590 est
1170 3508 1322 3590 habetis

469 3676 558 3757 Sole
587 3694 627 3756 et
654 3673 802 3783 frigore
832 3694 872 3754 et
901 3675 1127 3755 esuritione.

471 3841 605 3947 Quare
635 3868 715 3920 non
748 3839 820 3919 tibi
849 3841 900 3919 sit
928 3838 1030 3919 bene
1062 3867 1107 3919 ac
1136 3837 1279 3918 beate?

469 4011 508 4088 A
538 4027 575 4088 te
604 4007 724 4087 sudor
753 4005 875 4101 abest,
907 4007 1016 4086 abest
1044 4006 1177 4101 saliva,

468 4173 696 4279 Mucusque
725 4189 765 4250 et
795 4170 899 4249 mala
930 4170 1073 4279 pituita
1101 4169 1196 4249 nasi.

469 4336 589 4416 Hanc
618 4334 666 4412 ad
696 4333 934 4413 munditiem
964 4331 1061 4411 adde
1092 4332 1358 4427 mundiorem,

470 4501 589 4608 Quod
618 4499 730 4580 culus
753 4495 825 4576 tibi
855 4497 989 4605 purior
1017 4495 1145 4575 salillo
1174 4514 1244 4591 est,
