3750 5460
951 943 1004 1022 90

374 1133 584 1214 Montibus
615 1160 683 1211 ora
712 1150 829 1225 creat,
859 1159 957 1239 quos
987 1150 1150 1241 propter
1178 1130 1353 1212 fluminis
1383 1133 1505 1213 undas

372 1300 483 1378 Aura
511 1298 615 1406 parit
643 1294 757 1375 flores
787 1296 912 1405 tepidi
939 1294 1110 1375 fecunda
1134 1298 1297 1398 Favoni,

373 1463 462 1542 Hos
492 1462 727 1540 indistinctis
755 1461 892 1570 plexos
923 1461 1014 1540 tulit
1044 1463 1125 1570 ipse
1155 1462 1325 1558 corollis,

272 1645 332 1724 285
373 1627 466 1731 Quo
495 1625 692 1734 permulsa
721 1624 861 1705 domus
891 1625 1066 1704 iucundo
1096 1628 1178 1706 risit
1206 1628 1338 1709 odore.

374 1787 597 1868 Confestim
630 1789 769 1867 Penios
799 1788 918 1880 adest,
950 1789 1157 1868 viridantia
1185 1791 1353 1899 Tempe,

371 1953 528 2061 Tempe
559 1980 659 2058 quae
688 1951 806 2031 silvae
836 1952 1004 2059 cingunt
1031 1981 1149 2062 super
1177 1954 1449 2064 inpendentes,

372 2118 635 2196 Haemonisin
665 2117 848 2224 linquens
881 2117 1000 2197 Doris
1030 2117 1261 2196 celebranda
1290 2114 1456 2211 choreis,

371 2282 468 2361 Non
500 2309 675 2361 vacuus:
707 2309 880 2390 namque
910 2281 976 2360 ille
1007 2281 1097 2361 tulit
1127 2281 1310 2361 radicitus
1341 2280 1434 2361 altas

271 2474 336 2537 290
372 2448 500 2554 Pagos
531 2474 576 2525 ac
606 2465 714 2525 recto
744 2474 924 2555 proceras
953 2447 1086 2555 stipite
1114 2446 1260 2540 laurus,

374 2611 471 2690 Non
501 2610 584 2689 sine
614 2612 770 2688 nutanti
800 2611 957 2718 platano
986 2610 1173 2719 lentaque
1202 2638 1335 2690 sorore

373 2770 589 2849 Flammati
618 2767 878 2849 Phaethontis
909 2789 949 2848 et
978 2771 1081 2849 aeria
1109 2797 1306 2879 cupressu.

372 2933 488 3012 Haec
518 2935 671 3012 circum
700 2934 807 3012 sedes
837 2932 916 3011 late
945 2952 1133 3013 contexta
1160 2933 1319 3028 locavit,

372 3096 628 3175 Vestibulum
658 3117 701 3174 ut
731 3096 846 3175 molli
875 3097 1050 3176 velatum
1079 3095 1219 3177 fronde
1248 3099 1401 3179 vireret.

271 3281 331 3347 295
374 3262 469 3339 Post
499 3258 608 3338 hunc
638 3261 897 3366 consequitur
925 3261 1073 3340 sollerti
1102 3262 1219 3341 corde
1249 3259 1526 3357 Prometheus,

371 3426 592 3503 Extenuata
621 3452 758 3531 gerens
789 3425 927 3503 veteris
957 3426 1120 3532 vestigia
1147 3454 1310 3535 poenae,

372 3589 507 3694 Quam
537 3588 738 3695 quondam
767 3587 867 3667 silici
897 3592 1093 3668 restrictus
1123 3589 1304 3669 membra
1333 3610 1470 3669 catena

371 3752 565 3831 Persolvit
594 3751 768 3861 pendens
800 3781 821 3831 e
851 3752 1062 3832 verticibus
1092 3755 1324 3863 praeruptis.

370 3916 469 3995 Inde
498 3935 608 4025 pater
636 3916 773 3996 divom
801 3936 934 3996 sancta
966 3945 1060 3996 cum
1089 3919 1261 4025 coniuge
1290 3920 1469 4028 natisque

271 4110 335 4174 300
369 4081 555 4174 Advenit,
587 4080 696 4159 caelo
727 4099 765 4160 te
799 4080 945 4176 solum,
977 4078 1154 4176 Phoebe,
1185 4082 1410 4189 relinquens

368 4245 672 4352 Vnigenamque
702 4244 821 4323 simul
850 4244 1058 4325 cultricem
1083 4245 1286 4325 montibus
1317 4246 1428 4325 Idri:

371 4408 487 4488 Pelea
515 4436 609 4486 nam
640 4426 775 4487 tecum
803 4411 949 4518 pariter
978 4438 1089 4489 soror
1122 4429 1325 4518 aspernata
1353 4428 1412 4489 est

370 4573 460 4654 Nec
489 4571 672 4653 Thetidis
702 4574 830 4654 taedas
862 4575 989 4655 voluit
1024 4574 1222 4654 celebrare
1255 4573 1407 4681 iugalis.
