3750 5460
837 836 888 942 89

259 1061 400 1167 Orgia,
430 1085 530 1166 quae
559 1055 704 1135 frustra
733 1055 902 1163 cupiunt
932 1052 1066 1132 audire
1095 1051 1263 1163 profani,

260 1222 507 1329 Plangebant
537 1221 635 1300 aliae
664 1220 833 1329 proceris
864 1237 1052 1326 tympana
1080 1217 1221 1327 palmis

257 1390 341 1466 Aut
372 1387 484 1466 tereti
514 1405 651 1465 tenues
684 1385 849 1463 tinnitus
881 1410 968 1461 aere
998 1382 1168 1476 ciebant,

260 1550 405 1629 Multis
437 1551 660 1628 raucisonos
690 1546 876 1628 efflabant
905 1575 1053 1626 cornua
1081 1547 1248 1627 bombos

261 1697 510 1821 Barbaraque
538 1711 719 1793 horribili
748 1711 937 1792 stridebat
970 1710 1066 1790 tibia
1094 1730 1224 1792 cantu.

315 1876 479 1957 Talibus
510 1877 707 1985 amplifice
738 1879 853 1957 vestis
883 1878 1064 1958 decorata
1092 1875 1227 1983 figuris

262 2041 450 2120 Pulvinar
479 2041 673 2149 conplexa
701 2069 772 2120 suo
803 2042 958 2123 velabat
988 2043 1150 2122 amictu.

261 2207 374 2312 Quae
405 2224 615 2314 postquam
645 2206 788 2314 cupide
817 2206 1029 2316 spectando
1058 2201 1246 2283 Thessala
1275 2204 1398 2313 pubes

260 2370 428 2479 Expleta
457 2391 527 2464 est,
556 2372 697 2450 sanctis
727 2373 857 2479 coepit
887 2369 1074 2450 decedere
1104 2368 1215 2447 divis.

263 2537 359 2629 Hic,
391 2535 516 2642 qualis
546 2534 641 2615 flatu
671 2537 874 2645 placidum
905 2564 1012 2615 mare
1042 2535 1241 2614 matutino
1504 2552 1569 2618 ²70

262 2701 507 2778 Horrificans
535 2695 740 2808 Zephyrus
769 2702 954 2809 proclivis
984 2697 1121 2776 incitat
1151 2697 1274 2778 undas

258 2864 416 2942 Aurora
444 2865 647 2943 exoriente
679 2866 769 2972 vagi
797 2864 869 2944 sub
898 2866 1039 2944 limina
1069 2863 1172 2958 solis,

261 3029 376 3133 Quae
409 3030 517 3107 tarde
548 3029 726 3135 primum
756 3029 945 3108 clementi
974 3028 1134 3110 flamine
1163 3028 1297 3139 pulsae

262 3192 490 3271 Procedunt
519 3192 736 3299 leviterque
766 3211 906 3272 sonant
934 3194 1124 3303 plangore
1153 3189 1351 3286 cachinni,

261 3357 356 3434 Post
385 3376 506 3434 vento
535 3377 734 3435 crescente
764 3358 890 3462 magis
921 3360 1046 3465 magis
1077 3356 1352 3436 increbescunt
1505 3376 1566 3445 275

261 3520 540 3628 Purpureaque
570 3520 708 3629 procul
733 3539 867 3600 nantes
891 3521 939 3600 ab
966 3522 1056 3601 luce
1083 3519 1296 3628 refulgent,

265 3684 328 3761 Sic
357 3681 413 3760 ibi
443 3682 636 3762 vestibulo
666 3685 891 3793 linquentes
922 3687 1031 3793 regia
1059 3703 1161 3764 tecta

263 3846 329 3925 Ad
358 3873 398 3924 se
430 3848 596 3955 quisque
617 3875 718 3954 vago
747 3850 892 3957 passim
922 3849 1023 3958 pede
1053 3847 1314 3929 discedebant.

268 4009 453 4113 Quorum
482 4030 571 4119 post
601 4011 754 4091 abitum
783 4014 963 4122 princeps
993 4041 1015 4092 e
1039 4013 1183 4092 vertice
1215 4012 1300 4092 Peli

266 4173 441 4252 Advenit
473 4171 627 4255 Chiron
657 4194 815 4285 portans
838 4176 1029 4256 silvestria
1055 4176 1187 4256 dona:
1508 4193 1572 4256 280

267 4337 378 4416 Nam
427 4366 701 4448 quoscumque
749 4339 883 4421 ferunt
937 4342 1082 4451 campi,
1133 4370 1231 4452 quos
1283 4341 1474 4424 Thessala

380 4504 532 4608 magnis
