3750 5460
782 1361 870 1440 XV.

334 1572 589 1654 Commendo
624 1570 696 1650 tibi
729 1599 793 1649 me
828 1598 873 1650 ac
908 1599 1014 1651 meos
1047 1601 1211 1668 amores,

331 1733 499 1813 Aureli:
532 1734 685 1812 veniam
717 1753 809 1843 peto
842 1734 1051 1843 pudenter,

331 1895 399 1990 Vt,
427 1895 460 1974 si
492 1896 706 2002 quicquam
742 1896 875 1974 animo
906 1913 975 1975 tuo
1009 1899 1165 2005 cupisti,

335 2057 456 2163 Quod
491 2078 643 2138 castum
670 2078 870 2167 expeteres
905 2077 945 2138 et
975 2061 1226 2168 integellum,

336 2224 552 2302 Conserves
587 2250 756 2331 puerum
792 2220 893 2301 mihi
926 2224 1081 2333 pudice,

335 2387 432 2466 Non
466 2387 555 2466 dico
586 2415 608 2466 a
639 2387 815 2496 populo:
849 2384 949 2466 nihil
983 2417 1164 2468 veremur

336 2552 449 2645 Istos,
484 2553 553 2659 qui
584 2553 625 2630 in
657 2551 785 2660 platea
816 2552 937 2631 modo
968 2547 1049 2630 huc
1079 2553 1202 2632 modo
1235 2551 1330 2632 illuc

336 2715 383 2793 In
417 2744 458 2795 re
492 2733 742 2824 praetereunt
772 2743 841 2794 sua
874 2716 1078 2823 occupati:

335 2882 486 2958 Verum
519 2908 541 2958 a
572 2898 610 2959 te
645 2899 781 2959 metuo
814 2897 962 2986 tuoque
994 2908 1094 2988 pene

336 3041 487 3123 Infesto
523 3045 652 3153 pueris
688 3043 800 3123 bonis
834 3043 1037 3150 malisque.

339 3206 472 3312 Quem
508 3227 551 3286 tu
583 3235 661 3315 qua
691 3206 815 3300 lubet,
848 3226 892 3286 ut
923 3206 1046 3301 iubet,
1079 3225 1254 3302 movet0‚

341 3367 548 3473 Quantum
582 3369 652 3463 vis,
688 3366 756 3447 ubi
790 3368 864 3446 erit
895 3364 1001 3462 foris,
1035 3385 1239 3476 paratum:

342 3533 466 3611 Hunc
501 3560 629 3611 unum
661 3533 830 3640 excipi0,
866 3549 910 3610 ut
943 3549 1055 3640 put0,
1089 3531 1295 3640 pudenter.

344 3694 526 3800 Quodsi
557 3712 596 3773 te
628 3693 732 3772 mala
766 3720 878 3773 mens
911 3691 1100 3800 furorque
1135 3721 1267 3772 vecors

342 3861 390 3938 ln
425 3878 575 3940 tantam
610 3859 811 3968 inpulerit,
846 3859 1019 3952 sceleste,
1051 3858 1224 3967 culpam,
1456 3900 1492 3967 15

343 4027 397 4103 Vt
429 4043 608 4104 nostrum
643 4023 789 4102 insidiis
825 4041 942 4130 caput
970 4022 1143 4116 lacessas,

342 4190 381 4267 A
413 4207 500 4268 turn
534 4208 570 4268 te
605 4189 794 4267 miserum
826 4185 999 4294 malique
1028 4182 1112 4278 fati,

345 4353 479 4459 Quem
511 4352 679 4433 attractis
710 4350 875 4460 pedibus
910 4367 1068 4458 patente
1099 4367 1213 4459 porta

346 4520 576 4623 Percurrent
607 4514 847 4626 raphanique
878 4514 1136 4622 mugilesque.

1186 4668 1210 4722 c
1242 4668 1264 4722 2
